1868 3121
157 137 184 178 6

152 252 296 292 exinde
334 253 414 292 orti
452 253 494 294 in
523 252 705 294 absoluta
735 263 888 303 quoque
919 253 1097 292 oratione
1127 253 1423 297 adhiberentur.
1485 256 1686 307 Complec-

155 324 253 364 titur
284 326 416 362 autem
446 323 591 372 omnia,
623 332 725 372 quae
754 334 802 363 ea
830 324 879 363 de
911 334 955 362 re
980 320 1126 372 censet,
1156 323 1219 363 his
1236 324 1371 364 verbis
1403 325 1491 375 (1.1.
1510 335 1550 375 p.
1576 326 1694 379 1782·

154 403 255 443 quae
286 394 444 443 integra
473 392 696 442 legentibus
727 393 988 442 proponenda
1012 393 1259 444 putabamus,
1291 405 1341 434 ne
1358 395 1454 444 quid
1469 404 1691 440 remaneret

156 463 336 505 obscuri:
385 474 442 512 ‘so
466 462 594 503 -bleibt
634 474 710 502 nur
748 459 924 515 (reiectis
956 464 1098 503 ceteris
1130 465 1351 513 sententiis)
1401 465 1466 505 die
1497 468 1691 509 annahme

158 533 318 583 nebrig,
365 533 458 573 dass
497 533 610 573 diese
636 531 828 573 infinitive
858 533 942 573 sich
971 544 1041 574 aus
1073 533 1144 573 der
1173 535 1528 584 urspruenglicheu
1558 548 1689 583 casus-

158 603 384 652 bedeutung
422 603 494 643 der
532 602 725 642 infinitive
765 603 993 652 erklaeren,
1041 604 1123 643 und
1159 615 1262 644 zwar
1292 605 1345 644 ist
1373 604 1492 655 klar,>
1531 606 1622 647 dass
1651 609 1692 648 in

157 673 293 713 diesen
324 672 529 713 absoluten
560 676 891 725 constructionen,
922 675 1055 727 indem
1083 674 1153 714 der
1184 673 1476 725 infinitivdativ,
1509 676 1580 717 der
1610 678 1692 717 sich

154 732 265 782 sonst
303 754 355 782 an
392 743 517 782 andre
548 744 834 785 bestandtheile
865 745 934 784 des
964 748 1090 784 satzes
1118 743 1362 783 anzulehnen
1393 743 1560 795 pflegte‚
1613 757 1691 786 nun

158 814 301 852 einmal
333 824 433 862 ganz
465 814 958 864 selbststaendigvauftran
989 815 1073 854 sich
1091 815 1197 853 seine
1218 814 1578 864 gruudbedeutung
1596 827 1691 856 con-

158 883 373 934 centrirte3
412 884 537 924 daher
575 885 727 926 kommt
764 898 828 936 es,
871 886 963 926 dass
1002 887 1065 926 die
1104 886 1215 927 alten
1246 884 1456 926 absoluten
1487 882 1693 935 infinitive,

163 954 235 993 wie
276 954 333 992 sie
364 954 538 994 ueberall
569 956 640 995 der
671 958 928 1006 energischen
960 958 1053 997 rede
1083 957 1356 1006 angelica-en,
1403 954 1505 994 auch
1534 954 1597 995 die
1631 967 1695 994 ur:

160 1024 435 1073 spruengliche
464 1027 623 1073 energie
655 1027 723 1066 des
755 1039 867 1067 casus
902 1028 1003 1067 noch
1021 1040 1085 1067 am
1105 1027 1328 1066 staerksten
1344 1024 1523 1065 bewahrt
1540 1024 1696 1066 haben.'

283 1094 337 1133 Et
366 1094 442 1134 hoc
472 1096 629 1144 quidem
660 1099 854 1136 neminem
885 1108 1030 1146 negare
1061 1109 1174 1146 posse
1187 1097 1438 1143 arbitramur,
1451 1096 1699 1143 sagacissime

157 1164 255 1204 haec
291 1164 452 1204 inventa
481 1169 522 1203 et
541 1166 825 1206 luculentisime
855 1176 940 1206 esse
961 1167 1247 1207 demonstrata:
1267 1166 1409 1205 'tamen
1449 1175 1543 1202 num
1574 1175 1695 1213 usque

159 1245 206 1273 eo
238 1235 442 1285 quisquam
474 1235 651 1285 Iollyium
684 1240 868 1286 sequatur
892 1237 1051 1276 dubium
1069 1237 1181 1276 nobis
1200 1236 1366 1276 videtur.
1411 1235 1513 1274 Nam
1543 1234 1698 1273 etiamsi

163 1304 318 1344 facilius
349 1306 644 1355 persuademur,
674 1306 858 1346 infinitivi
889 1306 1057 1346 absoluti
1068 1318 1178 1345 usum
1208 1317 1280 1355 pro
1301 1305 1533 1354 imperativo
1564 1304 1640 1342 illis
1653 1314 1699 1342 ex

161 1374 405 1423 temporibus
421 1376 677 1424 repetendum
698 1387 794 1426 esse,
827 1388 913 1416 cum
930 1375 1113 1416 infinitivi
1145 1386 1222 1416 non
1253 1378 1367 1415 erant
1396 1384 1533 1414 revera
1562 1373 1699 1413 modus

170 1445 331 1494 quidam
363 1444 486 1494 verbi,
519 1446 588 1486 sed
619 1448 820 1487 nominum
850 1458 963 1487 casus
994 1446 1206 1495 eodemque
1238 1445 1351 1485 modo
1365 1445 1407 1484 id
1440 1443 1586 1483 factum
1618 1454 1700 1482 esse

166 1525 242 1562 quo
280 1513 427 1552 factum
476 1516 559 1554 vult
602 1517 781 1566 Jollyius‚
824 1521 956 1556 tamen
996 1527 1043 1555 ea
1093 1526 1137 1554 re
1168 1516 1398 1563 gravissime
1429 1513 1701 1553 offendendum

161 1587 361 1634 putamus,
386 1585 489 1634 quod
520 1588 671 1625 tantum
704 1586 815 1627 abest
845 1590 889 1625 ut
920 1587 1099 1635 sciamuS,
1123 1583 1339 1624 infinitivos
1370 1585 1569 1625 absolutos
1600 1586 1701 1623 cete-

164 1664 298 1691 rarum
338 1655 561 1702 linguarum
592 1658 631 1694 et
661 1656 869 1695 historicos
916 1657 1063 1694 latinae
1104 1655 1239 1694 eodem
1270 1665 1317 1693 ex
1347 1653 1455 1693 fonte
1486 1664 1702 1701 emanasse,

165 1726 207 1761 ut
239 1724 360 1764 multo
391 1724 522 1773 potius
551 1725 635 1764 veri
668 1725 966 1765 dissimillimum
999 1724 1189 1765 videatur.
1250 1724 1334 1772 Qua
1363 1724 1521 1763 tandem
1550 1724 1702 1763 ratione

166 1793 252 1832 fieri
285 1795 426 1842 potuit,
457 1798 500 1832 ut
530 1794 713 1833 infinitivi
736 1795 905 1835 absoluti
937 1793 993 1846 (v.
1025 1792 1161 1845 supra)
1191 1795 1224 1833 si
1255 1795 1417 1843 quidem
1447 1804 1538 1832 usus
1568 1804 1701 1832 eorum

163 1875 188 1903 a
218 1864 364 1913 Jollyio
395 1868 505 1904 recte
535 1866 768 1915 explicatur,
799 1867 840 1904 in
871 1866 1098 1905 narratione
1129 1864 1411 1904 adhiberentur
1427 1861 1451 1905 ‘i
1481 1864 1602 1913 Atqui
1627 1864 1700 1903 hoc

163 1937 236 1983 est,
267 1935 371 1982 quod
402 1935 661 1983 explicatione
693 1939 808 1984 egeat
838 1939 891 1985 et,
923 1936 963 1974 ni
997 1933 1125 1985 fallor,
1155 1936 1195 1973 in
1213 1934 1349 1982 Jollyii
1370 1944 1521 1983 quoque
1544 1937 1698 1972 senten-

167 2004 225 2043 tia
256 2007 410 2054 careat,
453 2006 494 2043 in
526 2016 602 2054 qua
638 2005 680 2045 id
720 2006 847 2054 ipsum
891 2005 1084 2044 neminem
1115 2003 1251 2044 fallere
1281 2004 1557 2054 existimamus,
1599 2002 1701 2053 quod

168 2084 268 2122 quae
315 2074 357 2112 in
398 2074 611 2114 infinitivos
642 2083 715 2123 pro
746 2077 978 2124 imperativo
1010 2076 1158 2122 positos
1190 2075 1287 2114 bene
1318 2073 1474 2124 cadunt,
1506 2074 1700 2112 immerito

168 2154 363 2193 causaque
402 2143 610 2185 sufficienti
658 2157 737 2185 non
794 2145 931 2185 addita
971 2146 1012 2184 in
1050 2145 1259 2184 historicos
1300 2154 1450 2193 quoque
1488 2142 1700 2183 infinitivos

170 2212 311 2252 referri
342 2215 434 2255 vult.

283 2284 386 2324 Nam
416 2296 463 2324 ex
494 2296 541 2325 eo
574 2289 679 2325 certe
711 2297 797 2336 usu,
840 2297 954 2336 quem
994 2285 1100 2334 apud
1129 2285 1342 2333 scriptores
1372 2283 1518 2323 latinos
1549 2283 1698 2323 inveni-

163 2365 260 2403 muS‚
291 2355 388 2394 nihil
425 2356 517 2395 licet
554 2356 810 2395 concludere:
851 2355 1086 2394 infinitivum
1124 2355 1354 2393 historicum
1394 2365 1480 2394 eam
1519 2355 1570 2393 ob
1616 2364 1699 2392 rem

166 2435 301 2464 verum
331 2436 415 2465 esse
446 2426 556 2466 verbi
587 2424 834 2476 infinitivum,
865 2425 968 2475 quod
999 2437 1087 2464 cum
1117 2425 1314 2466 adverbiis
1345 2426 1405 2465 vel
1438 2425 1602 2465 obiectis
1635 2434 1699 2462 co·

162 2495 376 2542 niungatur
428 2495 482 2548 (v.
524 2498 733 2546 Golenski‚
777 2497 871 2534 diss.
919 2498 1051 2544 inaug.
1107 2496 1329 2543 Regimont.
1375 2495 1507 2544 1864)
1547 2495 1700 2541 aliaque

163 2565 307 2604 nullius
344 2565 396 2605 ad
441 2566 543 2606 hanc
574 2566 623 2606 de
670 2567 823 2616 origine
868 2564 1052 2605 infinitivi
1095 2565 1273 2604 historici
1316 2566 1582 2614 quaestionem
1612 2573 1701 2612 per-

162 2635 396 2682 petrandam
428 2640 519 2675 sunt
549 2639 749 2676 momenti.
1498 2683 1500 2685 ,

282 2704 411 2752 Quare
441 2706 651 2754 pergamus
683 2708 733 2746 ad
765 2717 851 2746 eam
894 2707 1142 2754 sententiam,
1183 2705 1245 2744 cui
1276 2705 1420 2743 nostris
1460 2701 1701 2751 temporibus

167 2776 327 2824 plurimi
371 2777 445 2815 viri
491 2777 598 2816 docti
630 2779 910 2817 assentiuntur.
972 2777 1213 2816 Existimant
1255 2776 1358 2815 enim
1397 2775 1569 2814 animum
1608 2770 1703 2811 scri-
