1868 3121
843 246 964 330 Cap.
1001 247 1042 311 1.

582 379 637 424 de
668 379 835 437 origine
867 367 1061 424 infinitivi
1096 378 1309 425 historici.

290 499 511 549 Antequam
542 500 594 540 ad
623 500 665 539 id
680 531 691 549 ‚
730 501 835 551 quod
880 501 954 540 hoc
984 501 1112 549 capite
1140 502 1390 541 tractandum
1418 502 1530 542 nobis
1560 513 1703 551 propo-

175 571 335 620 suimus,
366 570 613 620 accedamus,
642 571 691 610 de
722 571 808 620 ipso
839 571 1008 619 nomine,
1039 570 1142 620 quod
1173 573 1421 621 grammatici
1450 571 1541 612 huic
1570 570 1702 612 infini-

170 640 252 680 tivo
283 641 564 690 imposuerunt,
592 652 719 689 pauca
748 640 966 690 praefanda
995 645 1095 681 sunt.

291 720 372 760 Alii
402 722 507 760 enim
538 721 770 761 historicum
799 733 887 760 eum
918 725 1072 771 vocant,
1104 721 1206 771 quod
1227 723 1419 771 imprimis
1445 723 1549 773 apud
1570 734 1700 764 rerum

170 787 396 842 (historiae)
439 793 652 840 scriptores
690 793 898 832 invenitur.
972 791 1088 830 Cuius
1126 792 1294 830 nominis
1332 793 1570 832 consuetudo
1612 805 1699 832 cum

170 861 274 909 apud
311 862 501 910 plurimos
532 861 745 901 invaluerit
773 862 1008 910 vulgataque
1038 861 1242 911 videatur,
1280 873 1352 902 nos
1382 873 1534 913 quoque
1562 863 1699 902 eodem

170 932 328 970 nomine
358 942 512 980 semper
543 935 711 972 utemur.
773 931 858 970 Huc
888 931 1041 970 accedit
1055 961 1065 980 ,
1109 932 1212 981 quod
1243 933 1277 971 si
1307 933 1405 972 alios
1433 934 1555 972 secuti
1584 933 1698 973 abso·

166 1005 292 1043 lutum
323 1012 411 1041 eum
444 1002 697 1050 appellamus,
728 999 844 1039 facile
875 999 959 1039 fieri
990 1003 1131 1050 potest,
1162 1005 1205 1040 ut
1234 1013 1321 1041 eum
1350 1002 1473 1041 altero
1504 988 1697 1043 infinitivo

166 1073 347 1112 absoluto
384 1071 695 1119 indignationem
736 1070 931 1119 quandam
970 1069 1215 1119 significante
1255 1070 1518 1111 confundatur
1535 1102 1546 1121 ‚
1587 1073 1696 1113 cuius

167 1143 385 1182 subiectum
428 1152 506 1180 non
536 1140 777 1180 nominativo
808 1140 875 1179 sed
905 1141 1129 1180 accusativo
1158 1141 1199 1179 in
1230 1152 1322 1180 casu
1352 1142 1521 1190 ponitur.
1584 1142 1695 1191 Quod

167 1213 235 1253 alii
272 1212 415 1251 deinde
446 1211 690 1250 narrativum
722 1221 810 1249 eum
841 1211 1038 1250 nominari
1067 1211 1287 1261 malebant,
1330 1212 1398 1250 alii
1427 1212 1565 1262 aliter,
1608 1223 1694 1252 eam

165 1284 291 1323 solam
319 1282 369 1321 ob
398 1292 482 1320 rem
513 1291 873 1329 commemoramus,
906 1291 955 1319 ne
985 1281 1078 1329 quid
1109 1281 1246 1320 deesse
1274 1281 1472 1321 videatur.

283 1351 362 1392 Sed
391 1351 489 1391 haec
518 1350 716 1391 hactenus.
780 1350 895 1390 Nunc
926 1350 974 1390 de
1005 1350 1157 1400 origine
1185 1349 1371 1391 infinitivi
1398 1351 1577 1392 historici
1593 1363 1692 1401 quae

164 1422 384 1462 sententiae
416 1422 458 1469 in
487 1421 613 1459 lucem
641 1417 888 1469 prodierunt,
918 1421 997 1458 alia
1026 1430 1073 1458 ex
1101 1421 1180 1459 alia
1208 1431 1323 1468 quam
1351 1420 1579 1459 brevissime
1598 1420 1691 1460 affe-

164 1492 311 1534 rendae
340 1493 432 1531 sunt
459 1493 500 1530 et
528 1489 804 1531 recensendae.

284 1574 456 1622 Quarum
486 1572 614 1620 prima
645 1574 705 1611 est
734 1572 929 1610 sententia
958 1572 1144 1622 omnium,
1174 1572 1239 1621 qui
1268 1565 1440 1621 antiquis
1453 1572 1698 1621 temporibus

165 1646 283 1685 rebus
311 1643 583 1692 grammaticis
615 1642 867 1690 studuerunt,
901 1652 978 1681 non
1010 1645 1173 1690 excepto
1203 1642 1447 1690 Quintiliano
1477 1654 1602 1692 neque
1632 1644 1698 1692 qui

165 1719 256 1764 post
298 1715 380 1752 eius
418 1716 588 1752 aet-atem
631 1713 976 1760 grammaticorum
1006 1712 1198 1750 maximus
1229 1711 1315 1761 fuit,
1344 1712 1560 1752 Prisciano.
1622 1712 1697 1761 Qui

165 1796 253 1823 cum
284 1784 430 1822 nudum
461 1780 695 1821 infinitivum
727 1782 945 1829 praedicati
977 1782 1082 1820 vices
1111 1781 1289 1821 obtinere
1319 1793 1396 1821 non
1426 1792 1541 1831 posse
1564 1783 1698 1821 animo

163 1864 393 1903 persuasum
423 1852 629 1900 haberent,
660 1862 783 1900 neque
812 1855 943 1890 tamen
974 1852 1078 1890 unde
1107 1851 1298 1906 penderet
1328 1852 1460 1891 multis
1490 1852 1587 1891 locis
1606 1862 1697 1900 cog-

164 1926 383 1971 noscerent,
425 1922 529 1961 hunc
558 1920 796 1960 infinitivum
827 1921 1056 1960 historicum
1089 1918 1214 1972 (quod
1246 1932 1387 1961 nomen
1419 1922 1496 1961 illis
1525 1922 1696 1961 nondum

162 1995 204 2033 in
235 1992 517 2032 consuetudine
560 1990 703 2040 fuisse,
745 1992 817 2029 vix
848 2000 946 2039 opus
982 1995 1040 2029 est
1071 1988 1245 2043 adicere)
1291 2001 1362 2039 per
1392 1978 1555 2040 ellipsin'
1574 1993 1697 2040 expli·

163 2064 333 2104 candum
374 2073 459 2108 esse
497 2060 703 2110 putabant.
793 2061 1057 2109 Quintilianus
1098 2062 1228 2110 enim,
1279 2062 1366 2110 ipse
1406 2072 1557 2111 quoque
1597 2062 1696 2101 alios

163 2137 318 2174 secutus
359 2130 414 2185 (v.
458 2133 483 2170 i.
524 2143 559 2170 o.
603 2130 716 2179 VIII,
760 2133 805 2180 6,
849 2128 924 2183 21)
967 2131 1231 2180 synecdoches
1272 2130 1438 2180 figuram
1481 2132 1572 2171 huic
1610 2133 1694 2171 usui

161 2204 319 2243 subesse
362 2201 557 2250 affirmat,
602 2201 847 2250 synecdoche
876 2202 979 2240 enim
1012 2204 1091 2250 est,
1131 2213 1231 2250 ‘cum
1263 2202 1505 2241 subtractum
1534 2201 1694 2240 verbum

160 2274 319 2324 aliquod
374 2273 473 2312 satis
518 2283 565 2310 ex
609 2272 751 2310 ceteris
793 2272 1053 2320 intellegitur,
1098 2274 1141 2311 ut
1183 2271 1337 2312 Caelius
1374 2273 1416 2311 in
1456 2271 1694 2312 Antonium:

158 2349 316 2394 stupere
346 2344 490 2392 gaudio
522 2343 720 2382 Graecus:
751 2343 865 2380 simul
896 2343 999 2381 enim
1030 2342 1212 2382 auditur:
1242 2343 1406 2390 coepit!

278 2424 425 2462 Mirum
457 2426 593 2462 autem·
618 2423 764 2461 nemini
794 2433 878 2461 esse
908 2425 1050 2471 potest,
1082 2422 1184 2470 quod
1211 2421 1492 2471 Quintilianum
1523 2425 1563 2462 et
1583 2421 1692 2462 Pris-

156 2497 325 2544 cianum,
356 2498 400 2533 ut
428 2505 592 2543 quorum
623 2495 841 2533 auctoritas
870 2493 994 2531 multa
1024 2502 1095 2540 per
1124 2493 1279 2532 saecula
1299 2493 1511 2541 plurimum
1531 2494 1691 2542 valeret,

155 2578 290 2607 omnes
335 2568 475 2615 postea
516 2565 599 2604 sine
631 2563 876 2604 dubitatione
905 2563 1027 2603 secuti
1059 2566 1173 2614 sunt;
1219 2564 1311 2614 quin
1342 2564 1460 2604 ctiam
1491 2566 1610 2614 usque
1641 2562 1691 2603 ad

156 2642 333 2678 nostram
380 2640 551 2676 aetatem
591 2636 689 2675 haec
727 2636 861 2688 opinio
900 2635 1005 2683 apud
1036 2637 1243 2684 plerosque
1274 2636 1378 2675 viros
1409 2635 1546 2687 doctqs
1576 2644 1690 2694 prae-

154 2708 321 2748 valebat.
384 2707 492 2756 Quae
532 2705 635 2744 unde
673 2708 760 2744 orta
801 2706 875 2754 sit,
917 2703 1101 2746 facillime
1134 2708 1193 2744 est
1218 2706 1441 2755 intellectu;
1479 2716 1570 2744 nam
1601 2714 1687 2743 cum

152 2779 350 2827 viderent,
389 2777 595 2827 permultis
625 2776 721 2815 locis
753 2775 911 2815 verbum
933 2774 1116 2829 ,coepitss
1156 2776 1223 2815 ubi
1255 2776 1410 2825 deerat,
1453 2787 1499 2814 ex
1530 2777 1690 2827 senten-
