<?xml version="1.0" encoding="UTF-8"?>
<!DOCTYPE html PUBLIC "-//W3C//DTD XHTML 1.0 Transitional//EN"
    "http://www.w3.org/TR/xhtml1/DTD/xhtml1-transitional.dtd">
<html xmlns="http://www.w3.org/1999/xhtml" xml:lang="en" lang="en">
 <head>
  <title>
</title>
<meta http-equiv="Content-Type" content="text/html;charset=utf-8" />
  <meta name='ocr-system' content='tesseract 3.04.00' />
  <meta name='ocr-capabilities' content='ocr_page ocr_carea ocr_par ocr_line ocrx_word'/>
</head>
<body>
  <div class='ocr_page' id='page_1' title='image "4737177_0011.png"; bbox 0 0 1868 3121; ppageno 0'>
   <div class='ocr_carea' id='block_1_1' title="bbox 1682 157 1710 197">
    <p class='ocr_par' dir='ltr' id='par_1_1' title="bbox 1682 157 1710 197">
     <span class='ocr_line' id='line_1_1' title="bbox 1682 157 1710 197; baseline 0 0"><span class='ocrx_word' id='word_1_1' title='bbox 1682 157 1710 197; x_wconf 80' lang='lat'>3</span> 
     </span>
    </p>
   </div>
   <div class='ocr_carea' id='block_1_2' title="bbox 182 272 1715 2840">
    <p class='ocr_par' dir='ltr' id='par_1_2' title="bbox 184 272 1714 1435">
     <span class='ocr_line' id='line_1_2' title="bbox 184 272 1709 322; baseline -0.003 -6"><span class='ocrx_word' id='word_1_2' title='bbox 184 278 327 316; x_wconf 86' lang='lat' dir='ltr'><strong>tiarum</strong></span> <span class='ocrx_word' id='word_1_3' title='bbox 358 284 505 313; x_wconf 87' lang='lat' dir='ltr'><strong>conexu</strong></span> <span class='ocrx_word' id='word_1_4' title='bbox 536 272 709 321; x_wconf 84' lang='lat' dir='ltr'><strong>suppleri</strong></span> <span class='ocrx_word' id='word_1_5' title='bbox 739 282 864 321; x_wconf 87' lang='lat' dir='ltr'><strong>posse,</strong></span> <span class='ocrx_word' id='word_1_6' title='bbox 895 273 981 311; x_wconf 72' lang='lat' dir='ltr'><strong>aliis</strong></span> <span class='ocrx_word' id='word_1_7' title='bbox 1011 283 1089 311; x_wconf 90' lang='lat' dir='ltr'><strong>non</strong></span> <span class='ocrx_word' id='word_1_8' title='bbox 1120 273 1254 320; x_wconf 84' lang='lat' dir='ltr'><strong>paucis</strong></span> <span class='ocrx_word' id='word_1_9' title='bbox 1276 273 1457 321; x_wconf 89' lang='lat' dir='ltr'><strong>inveniri,</strong></span> <span class='ocrx_word' id='word_1_10' title='bbox 1491 273 1559 312; x_wconf 92' lang='lat' dir='ltr'><strong>ubi</strong></span> <span class='ocrx_word' id='word_1_11' title='bbox 1575 280 1709 322; x_wconf 83' lang='lat' dir='ltr'><strong>super·</strong></span> 
     </span>
     <span class='ocr_line' id='line_1_3' title="bbox 185 341 1709 390; baseline -0.003 -5"><span class='ocrx_word' id='word_1_12' title='bbox 185 354 400 385; x_wconf 77' lang='lat' dir='ltr'><strong>vacaneum</strong></span> <span class='ocrx_word' id='word_1_13' title='bbox 431 342 649 388; x_wconf 82' lang='lat' dir='ltr'><strong>videbatur,</strong></span> <span class='ocrx_word' id='word_1_14' title='bbox 679 341 720 380; x_wconf 92' lang='lat' dir='ltr'><strong>id</strong></span> <span class='ocrx_word' id='word_1_15' title='bbox 750 342 854 390; x_wconf 90' lang='lat' dir='ltr'><strong>quod</strong></span> <span class='ocrx_word' id='word_1_16' title='bbox 886 342 1148 380; x_wconf 72' lang='lat' dir='ltr'><strong>necessarium</strong></span> <span class='ocrx_word' id='word_1_17' title='bbox 1178 345 1237 380; x_wconf 86' lang='lat' dir='ltr'><strong>est</strong></span> <span class='ocrx_word' id='word_1_18' title='bbox 1268 345 1385 390; x_wconf 90' lang='lat' dir='ltr'><strong>atque</strong></span> <span class='ocrx_word' id='word_1_19' title='bbox 1417 341 1458 380; x_wconf 91' lang='lat' dir='ltr'><strong>id</strong></span> <span class='ocrx_word' id='word_1_20' title='bbox 1491 342 1594 390; x_wconf 90' lang='lat' dir='ltr'><strong>quod</strong></span> <span class='ocrx_word' id='word_1_21' title='bbox 1623 341 1709 381; x_wconf 91' lang='lat' dir='ltr'><strong>fieri</strong></span> 
     </span>
     <span class='ocr_line' id='line_1_4' title="bbox 186 406 1710 464; baseline -0.003 -10"><span class='ocrx_word' id='word_1_22' title='bbox 186 418 334 464; x_wconf 86' lang='lat' dir='ltr'><strong>potest,</strong></span> <span class='ocrx_word' id='word_1_23' title='bbox 356 438 358 440; x_wconf 97' lang='lat'>-</span> <span class='ocrx_word' id='word_1_24' title='bbox 378 411 595 451; x_wconf 80' lang='lat' dir='ltr'><strong>inconsulte</strong></span> <span class='ocrx_word' id='word_1_25' title='bbox 635 411 916 459; x_wconf 87' lang='lat' dir='ltr'><strong>permutabant</strong></span> <span class='ocrx_word' id='word_1_26' title='bbox 969 406 1025 461; x_wconf 90' lang='lat' dir='ltr'><strong>(v.</strong></span> <span class='ocrx_word' id='word_1_27' title='bbox 1064 410 1237 459; x_wconf 89' lang='lat' dir='ltr'><strong>Prahm,</strong></span> <span class='ocrx_word' id='word_1_28' title='bbox 1282 410 1445 449; x_wconf 77' lang='lat' dir='ltr'><strong>vei-such</strong></span> <span class='ocrx_word' id='word_1_29' title='bbox 1483 409 1602 450; x_wconf 88' lang='lat' dir='ltr'><strong>ueber</strong></span> <span class='ocrx_word' id='word_1_30' title='bbox 1640 411 1710 450; x_wconf 84' lang='lat' dir='ltr'><strong>das</strong></span> 
     </span>
     <span class='ocr_line' id='line_1_5' title="bbox 186 474 1712 531; baseline -0.003 -7"><span class='ocrx_word' id='word_1_31' title='bbox 186 495 309 524; x_wconf 86' lang='lat' dir='ltr'><strong>wesen</strong></span> <span class='ocrx_word' id='word_1_32' title='bbox 333 482 411 521; x_wconf 70' lang='lat' dir='ltr'><strong>&#39;des</strong></span> <span class='ocrx_word' id='word_1_33' title='bbox 442 481 578 519; x_wconf 87' lang='lat' dir='ltr'>histor.</span> <span class='ocrx_word' id='word_1_34' title='bbox 612 477 719 518; x_wconf 90' lang='lat' dir='ltr'><strong>infin.</strong></span> <span class='ocrx_word' id='word_1_35' title='bbox 752 480 883 519; x_wconf 89' lang='lat' dir='ltr'><strong>Alton.</strong></span> <span class='ocrx_word' id='word_1_36' title='bbox 909 474 1035 519; x_wconf 57' lang='lat' dir='ltr'>1827ss</span> <span class='ocrx_word' id='word_1_37' title='bbox 1064 489 1104 528; x_wconf 87' lang='lat' dir='ltr'><strong>p.</strong></span> <span class='ocrx_word' id='word_1_38' title='bbox 1136 476 1225 531; x_wconf 84' lang='lat'>20).</span> <span class='ocrx_word' id='word_1_39' title='bbox 1288 480 1391 519; x_wconf 89' lang='lat' dir='ltr'><strong>Nam</strong></span> <span class='ocrx_word' id='word_1_40' title='bbox 1411 491 1498 519; x_wconf 91' lang='lat' dir='ltr'><strong>cum</strong></span> <span class='ocrx_word' id='word_1_41' title='bbox 1511 481 1712 529; x_wconf 78' lang='lat' dir='ltr'><strong>legerent:</strong></span> 
     </span>
     <span class='ocr_line' id='line_1_6' title="bbox 189 546 1711 602; baseline -0.003 -8"><span class='ocrx_word' id='word_1_42' title='bbox 189 565 236 594; x_wconf 89' lang='lat' dir='ltr'><strong>ex</strong></span> <span class='ocrx_word' id='word_1_43' title='bbox 275 553 344 592; x_wconf 91' lang='lat' dir='ltr'><strong>illo</strong></span> <span class='ocrx_word' id='word_1_44' title='bbox 385 549 505 589; x_wconf 88' lang='lat' dir='ltr'><strong>fluere</strong></span> <span class='ocrx_word' id='word_1_45' title='bbox 551 561 598 589; x_wconf 91' lang='lat' dir='ltr'><strong>ac</strong></span> <span class='ocrx_word' id='word_1_46' title='bbox 639 548 780 588; x_wconf 85' lang='lat' dir='ltr'><strong>referri</strong></span> <span class='ocrx_word' id='word_1_47' title='bbox 821 558 910 598; x_wconf 85' lang='lat' dir='ltr'><strong>spes</strong></span> <span class='ocrx_word' id='word_1_48' title='bbox 947 546 1146 589; x_wconf 87' lang='lat' dir='ltr'><strong>Danaum’</strong></span> <span class='ocrx_word' id='word_1_49' title='bbox 1191 546 1330 602; x_wconf 81' lang='lat' dir='ltr'><strong>(Verg.</strong></span> <span class='ocrx_word' id='word_1_50' title='bbox 1362 550 1463 589; x_wconf 76' lang='lat' dir='ltr'><strong>Aen.</strong></span> <span class='ocrx_word' id='word_1_51' title='bbox 1494 549 1553 599; x_wconf 88' lang='lat'><strong>11,</strong></span> <span class='ocrx_word' id='word_1_52' title='bbox 1597 547 1711 601; x_wconf 86' lang='grc'>169),</span> 
     </span>
     <span class='ocr_line' id='line_1_7' title="bbox 189 618 1713 677; baseline -0.003 -15"><span class='ocrx_word' id='word_1_53' title='bbox 189 623 282 673; x_wconf 92' lang='lat' dir='ltr'><strong>quid</strong></span> <span class='ocrx_word' id='word_1_54' title='bbox 324 621 479 661; x_wconf 83' lang='lat' dir='ltr'><strong>facilius</strong></span> <span class='ocrx_word' id='word_1_55' title='bbox 522 619 613 667; x_wconf 81' lang='lat' dir='ltr'><strong>fuit,</strong></span> <span class='ocrx_word' id='word_1_56' title='bbox 654 630 771 669; x_wconf 86' lang='lat' dir='ltr'><strong>quam</strong></span> <span class='ocrx_word' id='word_1_57' title='bbox 803 620 984 668; x_wconf 85' lang='lat' dir='ltr'><strong>supplere</strong></span> <span class='ocrx_word' id='word_1_58' title='bbox 1015 620 1246 659; x_wconf 90' lang='lat' dir='ltr'><strong>vocabulum</strong></span> <span class='ocrx_word' id='word_1_59' title='bbox 1277 618 1460 677; x_wconf 61' lang='grc' dir='ltr'><strong>ι(30ῆὴθέ</strong></span> <span class='ocrx_word' id='word_1_60' title='bbox 1498 621 1587 659; x_wconf 84' lang='lat' dir='ltr'><strong>aliis</strong></span> <span class='ocrx_word' id='word_1_61' title='bbox 1618 621 1713 659; x_wconf 91' lang='lat' dir='ltr'><strong>locis</strong></span> 
     </span>
     <span class='ocr_line' id='line_1_8' title="bbox 191 675 1713 741; baseline -0.001 -11"><span class='ocrx_word' id='word_1_62' title='bbox 191 675 330 741; x_wconf 52' lang='lat' dir='ltr'><strong>‘parat&#39;</strong></span> <span class='ocrx_word' id='word_1_63' title='bbox 372 691 503 739; x_wconf 90' lang='lat' dir='ltr'><strong>potius</strong></span> <span class='ocrx_word' id='word_1_64' title='bbox 544 688 746 728; x_wconf 84' lang='lat' dir='ltr'><strong>subaudiri</strong></span> <span class='ocrx_word' id='word_1_65' title='bbox 788 689 1021 739; x_wconf 84' lang='lat' dir='ltr'>censebant,</span> <span class='ocrx_word' id='word_1_66' title='bbox 1068 690 1155 728; x_wconf 89' lang='lat' dir='ltr'><strong>aliis</strong></span> <span class='ocrx_word' id='word_1_67' title='bbox 1197 689 1286 728; x_wconf 84' lang='lat' dir='ltr'><strong>alia.</strong></span> <span class='ocrx_word' id='word_1_68' title='bbox 1361 690 1416 728; x_wconf 89' lang='lat' dir='ltr'><strong>At</strong></span> <span class='ocrx_word' id='word_1_69' title='bbox 1455 690 1488 728; x_wconf 88' lang='lat' dir='ltr'><strong>si</strong></span> <span class='ocrx_word' id='word_1_70' title='bbox 1531 692 1713 728; x_wconf 86' lang='lat' dir='ltr'><strong>accurate</strong></span> 
     </span>
     <span class='ocr_line' id='line_1_9' title="bbox 186 760 1713 809; baseline -0.001 -9"><span class='ocrx_word' id='word_1_71' title='bbox 186 763 317 801; x_wconf 89' lang='lat' dir='ltr'><strong>omnia</strong></span> <span class='ocrx_word' id='word_1_72' title='bbox 347 760 668 807; x_wconf 86' lang='lat' dir='ltr'><strong>contemplamur,</strong></span> <span class='ocrx_word' id='word_1_73' title='bbox 699 771 747 798; x_wconf 90' lang='lat' dir='ltr'><strong>ea</strong></span> <span class='ocrx_word' id='word_1_74' title='bbox 777 761 864 808; x_wconf 86' lang='lat' dir='ltr'><strong>ipsa</strong></span> <span class='ocrx_word' id='word_1_75' title='bbox 894 771 940 798; x_wconf 91' lang='lat' dir='ltr'><strong>ex</strong></span> <span class='ocrx_word' id='word_1_76' title='bbox 969 771 1024 809; x_wconf 89' lang='lat' dir='ltr'><strong>re,</strong></span> <span class='ocrx_word' id='word_1_77' title='bbox 1055 761 1157 809; x_wconf 92' lang='lat' dir='ltr'><strong>quod</strong></span> <span class='ocrx_word' id='word_1_78' title='bbox 1188 761 1267 799; x_wconf 83' lang='lat' dir='ltr'><strong>alia</strong></span> <span class='ocrx_word' id='word_1_79' title='bbox 1293 761 1381 799; x_wconf 92' lang='lat' dir='ltr'><strong>aliis</strong></span> <span class='ocrx_word' id='word_1_80' title='bbox 1412 761 1509 798; x_wconf 91' lang='lat' dir='ltr'><strong>locis</strong></span> <span class='ocrx_word' id='word_1_81' title='bbox 1540 760 1713 808; x_wconf 83' lang='lat' dir='ltr'><strong>suppleri</strong></span> 
     </span>
     <span class='ocr_line' id='line_1_10' title="bbox 186 829 1714 879; baseline -0.003 -8"><span class='ocrx_word' id='word_1_82' title='bbox 186 841 343 870; x_wconf 89' lang='lat' dir='ltr'><strong>necesse</strong></span> <span class='ocrx_word' id='word_1_83' title='bbox 391 833 452 868; x_wconf 89' lang='lat' dir='ltr'><strong>est</strong></span> <span class='ocrx_word' id='word_1_84' title='bbox 466 859 476 876; x_wconf 92' lang='lat'><strong>‚</strong></span> <span class='ocrx_word' id='word_1_85' title='bbox 527 829 758 877; x_wconf 81' lang='lat' dir='ltr'><strong>Quintiliani</strong></span> <span class='ocrx_word' id='word_1_86' title='bbox 816 832 1113 879; x_wconf 87' lang='lat' dir='ltr'><strong>ceterorumque</strong></span> <span class='ocrx_word' id='word_1_87' title='bbox 1154 830 1498 878; x_wconf 87' lang='lat' dir='ltr'><strong>grammaticorum</strong></span> <span class='ocrx_word' id='word_1_88' title='bbox 1541 832 1714 868; x_wconf 90' lang='lat' dir='ltr'><strong>veterum</strong></span> 
     </span>
     <span class='ocr_line' id='line_1_11' title="bbox 188 898 1713 947; baseline -0.001 -8"><span class='ocrx_word' id='word_1_89' title='bbox 188 901 419 940; x_wconf 86' lang='lat' dir='ltr'><strong>sententiam</strong></span> <span class='ocrx_word' id='word_1_90' title='bbox 459 900 568 947; x_wconf 90' lang='lat' dir='ltr'><strong>sequi</strong></span> <span class='ocrx_word' id='word_1_91' title='bbox 612 909 689 937; x_wconf 89' lang='lat' dir='ltr'><strong>non</strong></span> <span class='ocrx_word' id='word_1_92' title='bbox 733 909 945 946; x_wconf 87' lang='lat' dir='ltr'><strong>possumus.</strong></span> <span class='ocrx_word' id='word_1_93' title='bbox 1009 900 1110 938; x_wconf 84' lang='lat' dir='ltr'><strong>Eam</strong></span> <span class='ocrx_word' id='word_1_94' title='bbox 1140 900 1189 938; x_wconf 93' lang='lat' dir='ltr'><strong>ob</strong></span> <span class='ocrx_word' id='word_1_95' title='bbox 1222 911 1378 938; x_wconf 88' lang='lat' dir='ltr'><strong>causam</strong></span> <span class='ocrx_word' id='word_1_96' title='bbox 1410 910 1488 938; x_wconf 92' lang='lat' dir='ltr'><strong>non</strong></span> <span class='ocrx_word' id='word_1_97' title='bbox 1520 898 1713 938; x_wconf 88' lang='lat' dir='ltr'><strong>immerito</strong></span> 
     </span>
     <span class='ocr_line' id='line_1_12' title="bbox 191 968 1712 1018; baseline -0.001 -10"><span class='ocrx_word' id='word_1_98' title='bbox 191 969 337 1008; x_wconf 85' lang='lat' dir='ltr'><strong>factum</strong></span> <span class='ocrx_word' id='word_1_99' title='bbox 369 972 439 1018; x_wconf 88' lang='lat' dir='ltr'><strong>est,</strong></span> <span class='ocrx_word' id='word_1_100' title='bbox 471 972 514 1007; x_wconf 87' lang='lat' dir='ltr'><strong>ut</strong></span> <span class='ocrx_word' id='word_1_101' title='bbox 543 968 604 1007; x_wconf 86' lang='lat' dir='ltr'><strong>his</strong></span> <span class='ocrx_word' id='word_1_102' title='bbox 636 968 875 1017; x_wconf 76' lang='lat' dir='ltr'><strong>temporibus</strong></span> <span class='ocrx_word' id='word_1_103' title='bbox 906 970 982 1008; x_wconf 90' lang='lat' dir='ltr'><strong>viri</strong></span> <span class='ocrx_word' id='word_1_104' title='bbox 1014 970 1121 1008; x_wconf 92' lang='lat' dir='ltr'><strong>docti</strong></span> <span class='ocrx_word' id='word_1_105' title='bbox 1150 970 1218 1008; x_wconf 83' lang='lat' dir='ltr'><strong>tali</strong></span> <span class='ocrx_word' id='word_1_106' title='bbox 1252 969 1302 1008; x_wconf 85' lang='lat' dir='ltr'><strong>ab</strong></span> <span class='ocrx_word' id='word_1_107' title='bbox 1333 970 1499 1018; x_wconf 87' lang='lat' dir='ltr'><strong>ratione,</strong></span> <span class='ocrx_word' id='word_1_108' title='bbox 1531 972 1574 1007; x_wconf 92' lang='lat' dir='ltr'><strong>ut</strong></span> <span class='ocrx_word' id='word_1_109' title='bbox 1591 968 1712 1016; x_wconf 85' lang='lat' dir='ltr'><strong>expli-</strong></span> 
     </span>
     <span class='ocr_line' id='line_1_13' title="bbox 190 1038 1713 1087; baseline -0.001 -10"><span class='ocrx_word' id='word_1_110' title='bbox 190 1042 326 1077; x_wconf 79' lang='lat' dir='ltr'><strong>carent</strong></span> <span class='ocrx_word' id='word_1_111' title='bbox 364 1038 510 1086; x_wconf 88' lang='lat' dir='ltr'><strong>aliquid</strong></span> <span class='ocrx_word' id='word_1_112' title='bbox 551 1049 620 1085; x_wconf 85' lang='lat' dir='ltr'><strong>per</strong></span> <span class='ocrx_word' id='word_1_113' title='bbox 647 1038 820 1087; x_wconf 84' lang='lat' dir='ltr'><strong>ellipsin,</strong></span> <span class='ocrx_word' id='word_1_114' title='bbox 869 1048 1028 1086; x_wconf 88' lang='lat' dir='ltr'><strong>prorsus</strong></span> <span class='ocrx_word' id='word_1_115' title='bbox 1059 1039 1300 1077; x_wconf 83' lang='lat' dir='ltr'><strong>recederent.</strong></span> <span class='ocrx_word' id='word_1_116' title='bbox 1363 1039 1491 1086; x_wconf 80' lang='lat' dir='ltr'><strong>Quare</strong></span> <span class='ocrx_word' id='word_1_117' title='bbox 1523 1039 1586 1076; x_wconf 84' lang='lat' dir='ltr'><strong>vix</strong></span> <span class='ocrx_word' id='word_1_118' title='bbox 1615 1047 1713 1086; x_wconf 88' lang='lat' dir='ltr'><strong>opus</strong></span> 
     </span>
     <span class='ocr_line' id='line_1_14' title="bbox 189 1106 1713 1148; baseline 0.001 -2"><span class='ocrx_word' id='word_1_119' title='bbox 189 1119 273 1147; x_wconf 87' lang='lat' dir='ltr'><strong>esse</strong></span> <span class='ocrx_word' id='word_1_120' title='bbox 321 1108 475 1146; x_wconf 89' lang='lat' dir='ltr'><strong>videtur</strong></span> <span class='ocrx_word' id='word_1_121' title='bbox 514 1106 589 1145; x_wconf 92' lang='lat' dir='ltr'><strong>hoc</strong></span> <span class='ocrx_word' id='word_1_122' title='bbox 635 1107 781 1146; x_wconf 83' lang='lat' dir='ltr'><strong>addere</strong></span> <span class='ocrx_word' id='word_1_123' title='bbox 830 1109 960 1147; x_wconf 89' lang='lat' dir='ltr'><strong>multis</strong></span> <span class='ocrx_word' id='word_1_124' title='bbox 1007 1109 1103 1147; x_wconf 89' lang='lat' dir='ltr'><strong>locis</strong></span> <span class='ocrx_word' id='word_1_125' title='bbox 1142 1107 1355 1147; x_wconf 90' lang='lat' dir='ltr'><strong>infinitivos</strong></span> <span class='ocrx_word' id='word_1_126' title='bbox 1395 1108 1603 1148; x_wconf 87' lang='lat' dir='ltr'><strong>historicos</strong></span> <span class='ocrx_word' id='word_1_127' title='bbox 1642 1119 1713 1147; x_wconf 89' lang='lat' dir='ltr'><strong>nos</strong></span> 
     </span>
     <span class='ocr_line' id='line_1_15' title="bbox 189 1177 1711 1228; baseline 0.001 -13"><span class='ocrx_word' id='word_1_128' title='bbox 189 1178 376 1224; x_wconf 84' lang='lat' dir='ltr'><strong>invenire,</strong></span> <span class='ocrx_word' id='word_1_129' title='bbox 407 1177 546 1226; x_wconf 90' lang='lat' dir='ltr'><strong>quibus</strong></span> <span class='ocrx_word' id='word_1_130' title='bbox 575 1178 667 1216; x_wconf 88' lang='lat' dir='ltr'><strong>talis</strong></span> <span class='ocrx_word' id='word_1_131' title='bbox 698 1178 877 1217; x_wconf 84' lang='lat' dir='ltr'><strong>vocabuli</strong></span> <span class='ocrx_word' id='word_1_132' title='bbox 908 1178 1165 1217; x_wconf 89' lang='lat' dir='ltr'><strong>subaudiendi</strong></span> <span class='ocrx_word' id='word_1_133' title='bbox 1197 1178 1325 1216; x_wconf 89' lang='lat' dir='ltr'><strong>nullus</strong></span> <span class='ocrx_word' id='word_1_134' title='bbox 1351 1181 1410 1217; x_wconf 88' lang='lat' dir='ltr'><strong>est</strong></span> <span class='ocrx_word' id='word_1_135' title='bbox 1427 1189 1537 1228; x_wconf 78' lang='lat' dir='ltr'><strong>usus3</strong></span> <span class='ocrx_word' id='word_1_136' title='bbox 1569 1189 1605 1218; x_wconf 75' lang='lat' dir='ltr'><strong>v,</strong></span> <span class='ocrx_word' id='word_1_137' title='bbox 1623 1178 1711 1217; x_wconf 89' lang='lat' dir='ltr'><strong>Ter.</strong></span> 
     </span>
     <span class='ocr_line' id='line_1_16' title="bbox 187 1245 1711 1296; baseline 0.001 -10"><span class='ocrx_word' id='word_1_138' title='bbox 187 1247 309 1287; x_wconf 86' lang='lat' dir='ltr'><strong>Andr.</strong></span> <span class='ocrx_word' id='word_1_139' title='bbox 344 1248 409 1286; x_wconf 84' lang='grc'><strong>62.</strong></span> <span class='ocrx_word' id='word_1_140' title='bbox 428 1247 596 1295; x_wconf 88' lang='lat' dir='ltr'><strong>Adelph.</strong></span> <span class='ocrx_word' id='word_1_141' title='bbox 613 1248 682 1285; x_wconf 87' lang='lat'><strong>45.</strong></span> <span class='ocrx_word' id='word_1_142' title='bbox 715 1247 811 1286; x_wconf 85' lang='lat'>864.</span> <span class='ocrx_word' id='word_1_143' title='bbox 845 1248 1045 1287; x_wconf 87' lang='lat' dir='ltr'><strong>Tac.ann.</strong></span> <span class='ocrx_word' id='word_1_144' title='bbox 1075 1248 1183 1295; x_wconf 88' lang='lat' dir='ltr'>XIII,</span> <span class='ocrx_word' id='word_1_145' title='bbox 1218 1248 1254 1286; x_wconf 89' lang='lat'><strong>3.</strong></span> <span class='ocrx_word' id='word_1_146' title='bbox 1288 1245 1368 1295; x_wconf 85' lang='lat' dir='ltr'><strong>XV,</strong></span> <span class='ocrx_word' id='word_1_147' title='bbox 1387 1248 1455 1287; x_wconf 84' lang='lat'><strong>56.</strong></span> <span class='ocrx_word' id='word_1_148' title='bbox 1487 1248 1580 1287; x_wconf 81' lang='lat' dir='ltr'><strong>hist.</strong></span> <span class='ocrx_word' id='word_1_149' title='bbox 1599 1248 1654 1296; x_wconf 83' lang='grc' dir='ltr'><strong>ΙΙ,</strong></span> <span class='ocrx_word' id='word_1_150' title='bbox 1673 1247 1711 1287; x_wconf 87' lang='grc'><strong>5.</strong></span> 
     </span>
     <span class='ocr_line' id='line_1_17' title="bbox 188 1315 1711 1367; baseline 0.003 -13"><span class='ocrx_word' id='word_1_151' title='bbox 188 1315 321 1365; x_wconf 85' lang='lat' dir='ltr'><strong>Agric.</strong></span> <span class='ocrx_word' id='word_1_152' title='bbox 356 1317 394 1355; x_wconf 85' lang='lat'><strong>5.</strong></span> <span class='ocrx_word' id='word_1_153' title='bbox 433 1318 495 1356; x_wconf 79' lang='lat'><strong>18.</strong></span> <span class='ocrx_word' id='word_1_154' title='bbox 535 1317 597 1357; x_wconf 91' lang='grc'><strong>19.</strong></span> <span class='ocrx_word' id='word_1_155' title='bbox 630 1316 747 1365; x_wconf 87' lang='lat' dir='ltr'><strong>Verg.</strong></span> <span class='ocrx_word' id='word_1_156' title='bbox 781 1317 877 1356; x_wconf 87' lang='lat' dir='ltr'><strong>Aen.</strong></span> <span class='ocrx_word' id='word_1_157' title='bbox 909 1316 977 1366; x_wconf 89' lang='lat' dir='ltr'><strong>IV,</strong></span> <span class='ocrx_word' id='word_1_158' title='bbox 1009 1317 1108 1357; x_wconf 84' lang='lat'>422.</span> <span class='ocrx_word' id='word_1_159' title='bbox 1141 1316 1228 1366; x_wconf 85' lang='lat' dir='ltr'><strong>VII,</strong></span> <span class='ocrx_word' id='word_1_160' title='bbox 1266 1317 1330 1357; x_wconf 88' lang='lat'><strong>15.</strong></span> <span class='ocrx_word' id='word_1_161' title='bbox 1363 1317 1447 1358; x_wconf 79' lang='lat' dir='ltr'><strong>Liv.</strong></span> <span class='ocrx_word' id='word_1_162' title='bbox 1467 1317 1537 1367; x_wconf 88' lang='lat' dir='ltr'><strong>IV,</strong></span> <span class='ocrx_word' id='word_1_163' title='bbox 1571 1317 1639 1366; x_wconf 87' lang='grc'><strong>39,</strong></span> <span class='ocrx_word' id='word_1_164' title='bbox 1672 1317 1711 1359; x_wconf 79' lang='grc'><strong>2,</strong></span> 
     </span>
     <span class='ocr_line' id='line_1_18' title="bbox 187 1377 1151 1435; baseline 0.003 -12"><span class='ocrx_word' id='word_1_165' title='bbox 187 1385 275 1433; x_wconf 84' lang='lat' dir='ltr'><strong>vn,</strong></span> <span class='ocrx_word' id='word_1_166' title='bbox 311 1387 375 1434; x_wconf 86' lang='lat'><strong>19,</strong></span> <span class='ocrx_word' id='word_1_167' title='bbox 409 1388 448 1426; x_wconf 84' lang='lat'><strong>6.</strong></span> <span class='ocrx_word' id='word_1_168' title='bbox 483 1387 705 1435; x_wconf 82' lang='lat' dir='ltr'><strong>xxxvm,</strong></span> <span class='ocrx_word' id='word_1_169' title='bbox 741 1387 805 1425; x_wconf 89' lang='lat'><strong>13.</strong></span> <span class='ocrx_word' id='word_1_170' title='bbox 838 1389 1005 1434; x_wconf 80' lang='lat' dir='ltr'><strong>saepius.</strong></span> <span class='ocrx_word' id='word_1_171' title='bbox 1084 1377 1086 1379; x_wconf 78' lang='grc'>’</span> <span class='ocrx_word' id='word_1_172' title='bbox 1148 1388 1151 1390; x_wconf 86' lang='grc'><em>·</em></span> 
     </span>
    </p>

    <p class='ocr_par' dir='ltr' id='par_1_3' title="bbox 186 1443 1715 2196">
     <span class='ocr_line' id='line_1_19' title="bbox 304 1443 1713 1505; baseline 0.001 -12"><span class='ocrx_word' id='word_1_173' title='bbox 304 1455 454 1504; x_wconf 87' lang='lat' dir='ltr'><strong>Altera,</strong></span> <span class='ocrx_word' id='word_1_174' title='bbox 486 1458 528 1493; x_wconf 87' lang='lat' dir='ltr'><strong>ut</strong></span> <span class='ocrx_word' id='word_1_175' title='bbox 558 1455 609 1495; x_wconf 91' lang='lat' dir='ltr'><strong>ad</strong></span> <span class='ocrx_word' id='word_1_176' title='bbox 635 1458 770 1495; x_wconf 87' lang='lat' dir='ltr'><strong>nostra</strong></span> <span class='ocrx_word' id='word_1_177' title='bbox 786 1443 965 1505; x_wconf 86' lang='lat' dir='ltr'><strong>tempora</strong></span> <span class='ocrx_word' id='word_1_178' title='bbox 981 1465 1201 1505; x_wconf 85' lang='lat' dir='ltr'><strong>pergamus,</strong></span> <span class='ocrx_word' id='word_1_179' title='bbox 1233 1459 1292 1496; x_wconf 92' lang='lat' dir='ltr'><strong>est</strong></span> <span class='ocrx_word' id='word_1_180' title='bbox 1310 1457 1504 1496; x_wconf 89' lang='lat' dir='ltr'><strong>sententia</strong></span> <span class='ocrx_word' id='word_1_181' title='bbox 1522 1455 1713 1505; x_wconf 88' lang='lat' dir='ltr'><strong>Wagneri</strong></span> 
     </span>
     <span class='ocr_line' id='line_1_20' title="bbox 191 1522 1714 1576; baseline 0.002 -14"><span class='ocrx_word' id='word_1_182' title='bbox 191 1522 245 1576; x_wconf 85' lang='lat' dir='ltr'><strong>(v.</strong></span> <span class='ocrx_word' id='word_1_183' title='bbox 288 1525 435 1574; x_wconf 87' lang='lat' dir='ltr'><strong>Vergil.</strong></span> <span class='ocrx_word' id='word_1_184' title='bbox 485 1527 572 1565; x_wconf 88' lang='lat' dir='ltr'><strong>edd.</strong></span> <span class='ocrx_word' id='word_1_185' title='bbox 612 1526 959 1575; x_wconf 88' lang='lat' dir='ltr'><strong>Heyne-Wagner</strong></span> <span class='ocrx_word' id='word_1_186' title='bbox 995 1527 1070 1575; x_wconf 87' lang='lat' dir='ltr'><strong>IV,</strong></span> <span class='ocrx_word' id='word_1_187' title='bbox 1116 1536 1265 1567; x_wconf 86' lang='lat' dir='ltr'><strong>excurs.</strong></span> <span class='ocrx_word' id='word_1_188' title='bbox 1306 1526 1444 1575; x_wconf 80' lang='lat' dir='ltr'>XXX3</span> <span class='ocrx_word' id='word_1_189' title='bbox 1490 1526 1594 1565; x_wconf 90' lang='lat' dir='ltr'><strong>idem</strong></span> <span class='ocrx_word' id='word_1_190' title='bbox 1633 1525 1714 1565; x_wconf 89' lang='lat' dir='ltr'><strong>fere</strong></span> 
     </span>
     <span class='ocr_line' id='line_1_21' title="bbox 190 1595 1710 1646; baseline 0.002 -13"><span class='ocrx_word' id='word_1_191' title='bbox 190 1598 351 1634; x_wconf 90' lang='lat' dir='ltr'><strong>censent</strong></span> <span class='ocrx_word' id='word_1_192' title='bbox 381 1595 436 1636; x_wconf 92' lang='lat' dir='ltr'><strong>M.</strong></span> <span class='ocrx_word' id='word_1_193' title='bbox 455 1595 645 1646; x_wconf 84' lang='lat' dir='ltr'><strong>Schmidt,</strong></span> <span class='ocrx_word' id='word_1_194' title='bbox 675 1596 795 1635; x_wconf 86' lang='lat' dir='ltr'><strong>ueber</strong></span> <span class='ocrx_word' id='word_1_195' title='bbox 825 1597 900 1636; x_wconf 92' lang='lat' dir='ltr'><strong>den</strong></span> <span class='ocrx_word' id='word_1_196' title='bbox 931 1595 1001 1636; x_wconf 92' lang='lat' dir='ltr'><strong>inf.</strong></span> <span class='ocrx_word' id='word_1_197' title='bbox 1032 1607 1069 1645; x_wconf 88' lang='lat' dir='ltr'><strong>p.</strong></span> <span class='ocrx_word' id='word_1_198' title='bbox 1106 1596 1173 1635; x_wconf 88' lang='lat'><strong>64.</strong></span> <span class='ocrx_word' id='word_1_199' title='bbox 1205 1600 1245 1635; x_wconf 92' lang='lat' dir='ltr'><strong>et</strong></span> <span class='ocrx_word' id='word_1_200' title='bbox 1260 1596 1307 1636; x_wconf 92' lang='lat' dir='ltr'><strong>A.</strong></span> <span class='ocrx_word' id='word_1_201' title='bbox 1327 1596 1456 1646; x_wconf 86' lang='lat' dir='ltr'><strong>Mohr‚</strong></span> <span class='ocrx_word' id='word_1_202' title='bbox 1487 1596 1557 1636; x_wconf 89' lang='lat' dir='ltr'><strong>der</strong></span> <span class='ocrx_word' id='word_1_203' title='bbox 1574 1596 1710 1636; x_wconf 88' lang='lat' dir='ltr'><strong>histor.</strong></span> 
     </span>
     <span class='ocr_line' id='line_1_22' title="bbox 190 1662 1713 1718; baseline 0.001 -16"><span class='ocrx_word' id='word_1_204' title='bbox 190 1662 257 1704; x_wconf 80' lang='lat' dir='ltr'><strong>inf.</strong></span> <span class='ocrx_word' id='word_1_205' title='bbox 299 1665 489 1714; x_wconf 87' lang='lat' dir='ltr'><strong>Meining.</strong></span> <span class='ocrx_word' id='word_1_206' title='bbox 535 1667 664 1706; x_wconf 82' lang='lat'>1821.</span> <span class='ocrx_word' id='word_1_207' title='bbox 704 1676 741 1714; x_wconf 77' lang='grc' dir='ltr'><strong>ρ.</strong></span> <span class='ocrx_word' id='word_1_208' title='bbox 787 1667 838 1705; x_wconf 90' lang='grc'><strong>19</strong></span> <span class='ocrx_word' id='word_1_209' title='bbox 870 1663 970 1718; x_wconf 84' lang='lat' dir='ltr'><strong>sq.);</strong></span> <span class='ocrx_word' id='word_1_210' title='bbox 1008 1667 1073 1715; x_wconf 90' lang='lat' dir='ltr'><strong>qui</strong></span> <span class='ocrx_word' id='word_1_211' title='bbox 1103 1678 1189 1705; x_wconf 92' lang='lat' dir='ltr'><strong>cum</strong></span> <span class='ocrx_word' id='word_1_212' title='bbox 1221 1667 1427 1716; x_wconf 84' lang='lat' dir='ltr'><strong>statuenda</strong></span> <span class='ocrx_word' id='word_1_213' title='bbox 1457 1666 1585 1714; x_wconf 90' lang='lat' dir='ltr'><strong>ellipsi</strong></span> <span class='ocrx_word' id='word_1_214' title='bbox 1615 1665 1713 1704; x_wconf 87' lang='lat' dir='ltr'><strong>nihil</strong></span> 
     </span>
     <span class='ocr_line' id='line_1_23' title="bbox 189 1734 1711 1785; baseline 0 -12"><span class='ocrx_word' id='word_1_215' title='bbox 189 1745 259 1773; x_wconf 92' lang='lat' dir='ltr'><strong>nos</strong></span> <span class='ocrx_word' id='word_1_216' title='bbox 289 1735 479 1783; x_wconf 87' lang='lat' dir='ltr'><strong>proficere</strong></span> <span class='ocrx_word' id='word_1_217' title='bbox 508 1737 758 1785; x_wconf 76' lang='lat' dir='ltr'><strong>intellexerit,</strong></span> <span class='ocrx_word' id='word_1_218' title='bbox 788 1736 1005 1775; x_wconf 87' lang='lat' dir='ltr'><strong>arbitratur</strong></span> <span class='ocrx_word' id='word_1_219' title='bbox 1032 1736 1311 1785; x_wconf 81' lang='lat' dir='ltr'><strong>antiquissimis</strong></span> <span class='ocrx_word' id='word_1_220' title='bbox 1330 1735 1575 1784; x_wconf 84' lang='lat' dir='ltr'><strong>temporibus</strong></span> <span class='ocrx_word' id='word_1_221' title='bbox 1593 1734 1711 1774; x_wconf 90' lang='lat' dir='ltr'><strong>verbo</strong></span> 
     </span>
     <span class='ocr_line' id='line_1_24' title="bbox 189 1805 1713 1855; baseline 0.001 -13"><span class='ocrx_word' id='word_1_222' title='bbox 189 1805 360 1843; x_wconf 92' lang='lat' dir='ltr'><strong>nondum</strong></span> <span class='ocrx_word' id='word_1_223' title='bbox 409 1815 480 1854; x_wconf 88' lang='lat' dir='ltr'><strong>per</strong></span> <span class='ocrx_word' id='word_1_224' title='bbox 527 1810 703 1855; x_wconf 86' lang='lat' dir='ltr'><strong>tempora</strong></span> <span class='ocrx_word' id='word_1_225' title='bbox 743 1807 954 1855; x_wconf 88' lang='lat' dir='ltr'><strong>modosque</strong></span> <span class='ocrx_word' id='word_1_226' title='bbox 993 1806 1146 1855; x_wconf 86' lang='lat' dir='ltr'><strong>digesto</strong></span> <span class='ocrx_word' id='word_1_227' title='bbox 1185 1807 1267 1845; x_wconf 91' lang='lat' dir='ltr'><strong>solo</strong></span> <span class='ocrx_word' id='word_1_228' title='bbox 1306 1805 1498 1845; x_wconf 90' lang='lat' dir='ltr'><strong>infinitivo</strong></span> <span class='ocrx_word' id='word_1_229' title='bbox 1537 1805 1713 1844; x_wconf 90' lang='lat' dir='ltr'><strong>homines</strong></span> 
     </span>
     <span class='ocr_line' id='line_1_25' title="bbox 187 1870 1715 1925; baseline 0.001 -13"><span class='ocrx_word' id='word_1_230' title='bbox 187 1885 276 1913; x_wconf 87' lang='lat' dir='ltr'><strong>usos</strong></span> <span class='ocrx_word' id='word_1_231' title='bbox 316 1885 413 1915; x_wconf 87' lang='lat' dir='ltr'><strong>esse.</strong></span> <span class='ocrx_word' id='word_1_232' title='bbox 475 1875 552 1916; x_wconf 90' lang='lat' dir='ltr'><strong>Sed</strong></span> <span class='ocrx_word' id='word_1_233' title='bbox 585 1876 706 1925; x_wconf 89' lang='lat' dir='ltr'><strong>ipsius</strong></span> <span class='ocrx_word' id='word_1_234' title='bbox 736 1876 857 1915; x_wconf 85' lang='lat' dir='ltr'><strong>verba</strong></span> <span class='ocrx_word' id='word_1_235' title='bbox 890 1875 1065 1925; x_wconf 86' lang='lat' dir='ltr'><strong>proferre</strong></span> <span class='ocrx_word' id='word_1_236' title='bbox 1096 1877 1227 1917; x_wconf 84' lang='lat' dir='ltr'><strong>iuvat:</strong></span> <span class='ocrx_word' id='word_1_237' title='bbox 1267 1886 1366 1925; x_wconf 86' lang='lat' dir='ltr'><strong>quae</strong></span> <span class='ocrx_word' id='word_1_238' title='bbox 1397 1876 1500 1915; x_wconf 86' lang='lat' dir='ltr'><strong>ratio</strong></span> <span class='ocrx_word' id='word_1_239' title='bbox 1530 1870 1715 1924; x_wconf 85' lang='lat' dir='ltr'><strong>loquendi</strong></span> 
     </span>
     <span class='ocr_line' id='line_1_26' title="bbox 187 1944 1713 1995; baseline 0 -13"><span class='ocrx_word' id='word_1_240' title='bbox 187 1948 246 1983; x_wconf 91' lang='lat' dir='ltr'><strong>est</strong></span> <span class='ocrx_word' id='word_1_241' title='bbox 296 1945 547 1984; x_wconf 90' lang='lat' dir='ltr'><strong>balbutientis</strong></span> <span class='ocrx_word' id='word_1_242' title='bbox 585 1946 798 1995; x_wconf 85' lang='lat' dir='ltr'><strong>infantiae,</strong></span> <span class='ocrx_word' id='word_1_243' title='bbox 845 1947 902 1985; x_wconf 90' lang='lat' dir='ltr'><strong>ita</strong></span> <span class='ocrx_word' id='word_1_244' title='bbox 941 1946 1132 1995; x_wconf 91' lang='lat' dir='ltr'><strong>hodieque</strong></span> <span class='ocrx_word' id='word_1_245' title='bbox 1170 1947 1366 1985; x_wconf 87' lang='lat' dir='ltr'><strong>invenitur</strong></span> <span class='ocrx_word' id='word_1_246' title='bbox 1406 1945 1511 1994; x_wconf 87' lang='lat' dir='ltr'><strong>apud</strong></span> <span class='ocrx_word' id='word_1_247' title='bbox 1549 1944 1713 1993; x_wconf 86' lang='lat' dir='ltr'><strong>populos</strong></span> 
     </span>
     <span class='ocr_line' id='line_1_27' title="bbox 186 2003 1712 2065; baseline -0.001 -13"><span class='ocrx_word' id='word_1_248' title='bbox 186 2014 371 2062; x_wconf 89' lang='lat' dir='ltr'><strong>quosdem</strong></span> <span class='ocrx_word' id='word_1_249' title='bbox 410 2015 526 2054; x_wconf 90' lang='lat' dir='ltr'><strong>rudes</strong></span> <span class='ocrx_word' id='word_1_250' title='bbox 565 2020 605 2054; x_wconf 89' lang='lat' dir='ltr'><strong>et</strong></span> <span class='ocrx_word' id='word_1_251' title='bbox 644 2003 853 2065; x_wconf 82' lang='lat' dir='ltr'><strong>barbaros,</strong></span> <span class='ocrx_word' id='word_1_252' title='bbox 900 2020 1054 2056; x_wconf 90' lang='lat' dir='ltr'><strong>retenta</strong></span> <span class='ocrx_word' id='word_1_253' title='bbox 1084 2016 1281 2056; x_wconf 91' lang='lat' dir='ltr'><strong>interdum</strong></span> <span class='ocrx_word' id='word_1_254' title='bbox 1311 2017 1379 2055; x_wconf 87' lang='lat' dir='ltr'><strong>illa</strong></span> <span class='ocrx_word' id='word_1_255' title='bbox 1409 2015 1565 2064; x_wconf 90' lang='lat' dir='ltr'><strong>quidem</strong></span> <span class='ocrx_word' id='word_1_256' title='bbox 1592 2014 1712 2052; x_wconf 88' lang='lat' dir='ltr'><strong>etiam</strong></span> 
     </span>
     <span class='ocr_line' id='line_1_28' title="bbox 186 2084 1712 2139; baseline 0 -17"><span class='ocrx_word' id='word_1_257' title='bbox 186 2094 210 2122; x_wconf 88' lang='lat' dir='ltr'><strong>a</strong></span> <span class='ocrx_word' id='word_1_258' title='bbox 250 2085 481 2125; x_wconf 91' lang='lat' dir='ltr'><strong>cultioribus</strong></span> <span class='ocrx_word' id='word_1_259' title='bbox 519 2087 692 2136; x_wconf 83' lang='lat' dir='ltr'><strong>populis,</strong></span> <span class='ocrx_word' id='word_1_260' title='bbox 740 2098 813 2126; x_wconf 90' lang='lat' dir='ltr'><strong>nec</strong></span> <span class='ocrx_word' id='word_1_261' title='bbox 852 2088 893 2126; x_wconf 92' lang='lat' dir='ltr'><strong>in</strong></span> <span class='ocrx_word' id='word_1_262' title='bbox 933 2088 1188 2139; x_wconf 85' lang='lat' dir='ltr'><strong>concitatiore</strong></span> <span class='ocrx_word' id='word_1_263' title='bbox 1227 2087 1369 2136; x_wconf 86' lang='lat' dir='ltr'><strong>solum,</strong></span> <span class='ocrx_word' id='word_1_264' title='bbox 1415 2086 1484 2125; x_wconf 89' lang='lat' dir='ltr'><strong>sed</strong></span> <span class='ocrx_word' id='word_1_265' title='bbox 1522 2085 1640 2124; x_wconf 88' lang='lat' dir='ltr'><strong>etiam</strong></span> <span class='ocrx_word' id='word_1_266' title='bbox 1671 2084 1712 2122; x_wconf 92' lang='lat' dir='ltr'><strong>in</strong></span> 
     </span>
     <span class='ocr_line' id='line_1_29' title="bbox 186 2155 547 2196; baseline 0.011 -4"><span class='ocrx_word' id='word_1_267' title='bbox 186 2155 324 2193; x_wconf 89' lang='lat' dir='ltr'><strong>sedata</strong></span> <span class='ocrx_word' id='word_1_268' title='bbox 354 2156 547 2196; x_wconf 90' lang='lat' dir='ltr'><strong>oratione.</strong></span> 
     </span>
    </p>

    <p class='ocr_par' dir='ltr' id='par_1_4' title="bbox 182 2226 1713 2700">
     <span class='ocr_line' id='line_1_30' title="bbox 299 2226 1711 2277; baseline 0.001 -13"><span class='ocrx_word' id='word_1_269' title='bbox 299 2226 518 2265; x_wconf 90' lang='lat' dir='ltr'><strong>Dolendum</strong></span> <span class='ocrx_word' id='word_1_270' title='bbox 550 2237 644 2266; x_wconf 87' lang='lat' dir='ltr'><strong>sane</strong></span> <span class='ocrx_word' id='word_1_271' title='bbox 676 2230 748 2277; x_wconf 83' lang='lat' dir='ltr'><strong>est,</strong></span> <span class='ocrx_word' id='word_1_272' title='bbox 781 2228 884 2276; x_wconf 91' lang='lat' dir='ltr'><strong>quod</strong></span> <span class='ocrx_word' id='word_1_273' title='bbox 912 2228 983 2266; x_wconf 91' lang='lat' dir='ltr'><strong>hos</strong></span> <span class='ocrx_word' id='word_1_274' title='bbox 1013 2230 1096 2265; x_wconf 90' lang='lat' dir='ltr'><strong>tam</strong></span> <span class='ocrx_word' id='word_1_275' title='bbox 1125 2227 1241 2265; x_wconf 89' lang='lat' dir='ltr'><strong>rudes</strong></span> <span class='ocrx_word' id='word_1_276' title='bbox 1268 2230 1307 2264; x_wconf 90' lang='lat' dir='ltr'><strong>et</strong></span> <span class='ocrx_word' id='word_1_277' title='bbox 1324 2226 1516 2265; x_wconf 85' lang='lat' dir='ltr'><strong>barbaros</strong></span> <span class='ocrx_word' id='word_1_278' title='bbox 1535 2228 1711 2277; x_wconf 88' lang='lat' dir='ltr'><strong>populos,</strong></span> 
     </span>
     <span class='ocr_line' id='line_1_31' title="bbox 185 2295 1713 2346; baseline 0.001 -12"><span class='ocrx_word' id='word_1_279' title='bbox 185 2296 250 2345; x_wconf 92' lang='lat' dir='ltr'><strong>qui</strong></span> <span class='ocrx_word' id='word_1_280' title='bbox 280 2296 539 2338; x_wconf 86' lang='lat' dir='ltr'><strong>balbutientis</strong></span> <span class='ocrx_word' id='word_1_281' title='bbox 567 2297 759 2338; x_wconf 89' lang='lat' dir='ltr'><strong>infantiae</strong></span> <span class='ocrx_word' id='word_1_282' title='bbox 789 2308 836 2337; x_wconf 87' lang='lat' dir='ltr'><strong>ex</strong></span> <span class='ocrx_word' id='word_1_283' title='bbox 867 2309 976 2337; x_wconf 89' lang='lat' dir='ltr'><strong>more</strong></span> <span class='ocrx_word' id='word_1_284' title='bbox 1007 2298 1115 2346; x_wconf 86' lang='lat' dir='ltr'><strong>puris</strong></span> <span class='ocrx_word' id='word_1_285' title='bbox 1145 2295 1350 2336; x_wconf 87' lang='lat' dir='ltr'><strong>infinitivis</strong></span> <span class='ocrx_word' id='word_1_286' title='bbox 1379 2297 1497 2336; x_wconf 84' lang='lat' dir='ltr'><strong>etiam</strong></span> <span class='ocrx_word' id='word_1_287' title='bbox 1516 2298 1556 2336; x_wconf 91' lang='lat' dir='ltr'><strong>in</strong></span> <span class='ocrx_word' id='word_1_288' title='bbox 1576 2298 1713 2337; x_wconf 86' lang='lat' dir='ltr'><strong>sedata</strong></span> 
     </span>
     <span class='ocr_line' id='line_1_32' title="bbox 186 2366 1713 2416; baseline 0.002 -14"><span class='ocrx_word' id='word_1_289' title='bbox 186 2367 363 2406; x_wconf 88' lang='lat' dir='ltr'><strong>oratione</strong></span> <span class='ocrx_word' id='word_1_290' title='bbox 394 2371 569 2416; x_wconf 88' lang='lat' dir='ltr'><strong>utantur,</strong></span> <span class='ocrx_word' id='word_1_291' title='bbox 600 2379 677 2407; x_wconf 90' lang='lat' dir='ltr'><strong>non</strong></span> <span class='ocrx_word' id='word_1_292' title='bbox 711 2368 938 2407; x_wconf 90' lang='lat' dir='ltr'><strong>nominavit.</strong></span> <span class='ocrx_word' id='word_1_293' title='bbox 1000 2368 1104 2406; x_wconf 82' lang='lat' dir='ltr'><strong>Nam</strong></span> <span class='ocrx_word' id='word_1_294' title='bbox 1133 2366 1208 2405; x_wconf 92' lang='lat' dir='ltr'><strong>hoc</strong></span> <span class='ocrx_word' id='word_1_295' title='bbox 1228 2366 1384 2414; x_wconf 91' lang='lat' dir='ltr'><strong>quidem</strong></span> <span class='ocrx_word' id='word_1_296' title='bbox 1403 2370 1557 2405; x_wconf 87' lang='lat' dir='ltr'><strong>constat</strong></span> <span class='ocrx_word' id='word_1_297' title='bbox 1576 2369 1713 2405; x_wconf 87' lang='lat' dir='ltr'><strong>etiam-</strong></span> 
     </span>
     <span class='ocr_line' id='line_1_33' title="bbox 184 2434 1711 2491; baseline 0.003 -18"><span class='ocrx_word' id='word_1_298' title='bbox 184 2445 286 2475; x_wconf 89' lang='lat' dir='ltr'><strong>nunc</strong></span> <span class='ocrx_word' id='word_1_299' title='bbox 325 2437 376 2477; x_wconf 89' lang='lat' dir='ltr'><strong>ab</strong></span> <span class='ocrx_word' id='word_1_300' title='bbox 416 2449 493 2477; x_wconf 91' lang='lat' dir='ltr'><strong>uno</strong></span> <span class='ocrx_word' id='word_1_301' title='bbox 533 2439 676 2488; x_wconf 89' lang='lat' dir='ltr'><strong>populo</strong></span> <span class='ocrx_word' id='word_1_302' title='bbox 714 2434 962 2491; x_wconf 89' lang='lat' dir='ltr'><strong>(Lithavico)</strong></span> <span class='ocrx_word' id='word_1_303' title='bbox 994 2436 1228 2477; x_wconf 91' lang='lat' dir='ltr'><strong>infinitivum</strong></span> <span class='ocrx_word' id='word_1_304' title='bbox 1259 2435 1439 2476; x_wconf 79' lang='lat' dir='ltr'><strong>adhiberi</strong></span> <span class='ocrx_word' id='word_1_305' title='bbox 1469 2437 1711 2478; x_wconf 83' lang='lat' dir='ltr'><strong>historicum.</strong></span> 
     </span>
     <span class='ocr_line' id='line_1_34' title="bbox 186 2504 1713 2558; baseline 0.002 -14"><span class='ocrx_word' id='word_1_306' title='bbox 186 2505 266 2545; x_wconf 86' lang='lat' dir='ltr'><strong>Sed</strong></span> <span class='ocrx_word' id='word_1_307' title='bbox 297 2508 383 2557; x_wconf 87' lang='lat' dir='ltr'><strong>quis</strong></span> <span class='ocrx_word' id='word_1_308' title='bbox 414 2509 467 2547; x_wconf 91' lang='lat' dir='ltr'><strong>sit</strong></span> <span class='ocrx_word' id='word_1_309' title='bbox 496 2509 674 2558; x_wconf 80' lang='lat' dir='ltr'><strong>populus,</strong></span> <span class='ocrx_word' id='word_1_310' title='bbox 707 2509 772 2558; x_wconf 90' lang='lat' dir='ltr'><strong>qui</strong></span> <span class='ocrx_word' id='word_1_311' title='bbox 801 2509 884 2547; x_wconf 90' lang='lat' dir='ltr'><strong>sine</strong></span> <span class='ocrx_word' id='word_1_312' title='bbox 914 2509 997 2547; x_wconf 85' lang='lat' dir='ltr'><strong>ulla</strong></span> <span class='ocrx_word' id='word_1_313' title='bbox 1027 2508 1258 2555; x_wconf 83' lang='lat' dir='ltr'><strong>exceptione</strong></span> <span class='ocrx_word' id='word_1_314' title='bbox 1283 2504 1498 2546; x_wconf 88' lang='lat' dir='ltr'><strong>infinitivos</strong></span> <span class='ocrx_word' id='word_1_315' title='bbox 1515 2507 1713 2547; x_wconf 86' lang='lat' dir='ltr'><strong>absolutos</strong></span> 
     </span>
     <span class='ocr_line' id='line_1_35' title="bbox 183 2577 1709 2629; baseline 0.002 -13"><span class='ocrx_word' id='word_1_316' title='bbox 183 2586 255 2625; x_wconf 88' lang='lat' dir='ltr'><strong>pro</strong></span> <span class='ocrx_word' id='word_1_317' title='bbox 285 2577 406 2620; x_wconf 89' lang='lat' dir='ltr'><strong>finitis</strong></span> <span class='ocrx_word' id='word_1_318' title='bbox 440 2579 643 2620; x_wconf 84' lang='lat' dir='ltr'><strong>verborum</strong></span> <span class='ocrx_word' id='word_1_319' title='bbox 673 2579 810 2619; x_wconf 84' lang='lat' dir='ltr'><strong>formis</strong></span> <span class='ocrx_word' id='word_1_320' title='bbox 841 2580 1018 2629; x_wconf 87' lang='lat' dir='ltr'><strong>collocat,</strong></span> <span class='ocrx_word' id='word_1_321' title='bbox 1047 2579 1121 2619; x_wconf 91' lang='lat' dir='ltr'><strong>hoc</strong></span> <span class='ocrx_word' id='word_1_322' title='bbox 1149 2589 1211 2618; x_wconf 92' lang='lat' dir='ltr'><strong>me</strong></span> <span class='ocrx_word' id='word_1_323' title='bbox 1242 2580 1393 2618; x_wconf 82' lang='lat' dir='ltr'><strong>nescire</strong></span> <span class='ocrx_word' id='word_1_324' title='bbox 1423 2577 1591 2618; x_wconf 91' lang='lat' dir='ltr'><strong>libenter</strong></span> <span class='ocrx_word' id='word_1_325' title='bbox 1622 2589 1709 2627; x_wconf 88' lang='lat' dir='ltr'><strong>pro·</strong></span> 
     </span>
     <span class='ocr_line' id='line_1_36' title="bbox 182 2645 1711 2700; baseline 0.001 -15"><span class='ocrx_word' id='word_1_326' title='bbox 182 2645 296 2688; x_wconf 86' lang='lat' dir='ltr'><strong>fiteor</strong></span> <span class='ocrx_word' id='word_1_327' title='bbox 335 2661 459 2700; x_wconf 90' lang='lat' dir='ltr'><strong>neque</strong></span> <span class='ocrx_word' id='word_1_328' title='bbox 490 2662 653 2700; x_wconf 91' lang='lat' dir='ltr'><strong>usquam</strong></span> <span class='ocrx_word' id='word_1_329' title='bbox 685 2651 895 2700; x_wconf 90' lang='lat' dir='ltr'><strong>quidquam</strong></span> <span class='ocrx_word' id='word_1_330' title='bbox 927 2662 974 2689; x_wconf 84' lang='lat' dir='ltr'><strong>ea</strong></span> <span class='ocrx_word' id='word_1_331' title='bbox 1005 2651 1053 2689; x_wconf 92' lang='lat' dir='ltr'><strong>de</strong></span> <span class='ocrx_word' id='word_1_332' title='bbox 1085 2660 1128 2687; x_wconf 89' lang='lat' dir='ltr'><strong>re</strong></span> <span class='ocrx_word' id='word_1_333' title='bbox 1160 2651 1347 2698; x_wconf 90' lang='lat' dir='ltr'><strong>scriptum</strong></span> <span class='ocrx_word' id='word_1_334' title='bbox 1379 2650 1558 2688; x_wconf 87' lang='lat' dir='ltr'><strong>invenire</strong></span> <span class='ocrx_word' id='word_1_335' title='bbox 1590 2651 1711 2698; x_wconf 89' lang='lat' dir='ltr'><strong>potui.</strong></span> 
     </span>
    </p>

    <p class='ocr_par' dir='ltr' id='par_1_5' title="bbox 183 2719 1715 2840">
     <span class='ocr_line' id='line_1_37' title="bbox 300 2719 1714 2770; baseline 0 -11"><span class='ocrx_word' id='word_1_336' title='bbox 300 2719 538 2770; x_wconf 88' lang='lat' dir='ltr'><strong>Praeterea,</strong></span> <span class='ocrx_word' id='word_1_337' title='bbox 577 2721 731 2760; x_wconf 85' lang='lat' dir='ltr'><strong>etiamsi</strong></span> <span class='ocrx_word' id='word_1_338' title='bbox 771 2722 828 2760; x_wconf 87' lang='lat' dir='ltr'><strong>ita</strong></span> <span class='ocrx_word' id='word_1_339' title='bbox 859 2720 1008 2770; x_wconf 84' lang='lat' dir='ltr'><strong>fuisset,</strong></span> <span class='ocrx_word' id='word_1_340' title='bbox 1041 2723 1084 2758; x_wconf 83' lang='lat' dir='ltr'><strong>ut</strong></span> <span class='ocrx_word' id='word_1_341' title='bbox 1114 2721 1249 2769; x_wconf 84' lang='lat' dir='ltr'><strong>lingua</strong></span> <span class='ocrx_word' id='word_1_342' title='bbox 1279 2721 1403 2759; x_wconf 82' lang='lat' dir='ltr'><strong>latina</strong></span> <span class='ocrx_word' id='word_1_343' title='bbox 1433 2720 1714 2768; x_wconf 81' lang='lat' dir='ltr'><strong>antiquissimis</strong></span> 
     </span>
     <span class='ocr_line' id='line_1_38' title="bbox 183 2789 1715 2840; baseline 0.003 -15"><span class='ocrx_word' id='word_1_344' title='bbox 183 2789 425 2838; x_wconf 84' lang='lat' dir='ltr'><strong>temporibus</strong></span> <span class='ocrx_word' id='word_1_345' title='bbox 458 2792 550 2831; x_wconf 84' lang='lat' dir='ltr'><strong>solis</strong></span> <span class='ocrx_word' id='word_1_346' title='bbox 581 2790 785 2831; x_wconf 87' lang='lat' dir='ltr'><strong>infinitivis</strong></span> <span class='ocrx_word' id='word_1_347' title='bbox 816 2794 1008 2840; x_wconf 85' lang='lat' dir='ltr'><strong>uteretur,</strong></span> <span class='ocrx_word' id='word_1_348' title='bbox 1048 2791 1113 2839; x_wconf 91' lang='lat' dir='ltr'><strong>qui</strong></span> <span class='ocrx_word' id='word_1_349' title='bbox 1143 2789 1291 2831; x_wconf 85' lang='lat' dir='ltr'><strong>factum</strong></span> <span class='ocrx_word' id='word_1_350' title='bbox 1322 2792 1435 2839; x_wconf 87' lang='lat' dir='ltr'><strong>putat</strong></span> <span class='ocrx_word' id='word_1_351' title='bbox 1465 2789 1715 2830; x_wconf 88' lang='lat' dir='ltr'><strong>doctissimus</strong></span> 
     </span>
    </p>
   </div>
  </div>
 </body>
</html>
