1868 3121
1613 105 1668 149 15

137 225 290 267 Livium
322 225 478 275 quidem
511 225 633 270 multo
664 226 818 276 saepius
832 227 995 275 singulis
1015 226 1073 265 uti
1092 226 1294 266 infinitivis
1312 226 1522 271 historicis,
1553 238 1669 277 quam

137 294 313 346 pluribus
344 304 422 333 uno
454 297 590 334 tenore
620 296 848 335 coniunctis.

254 365 404 404 Eodem
436 365 634 404 referendi
667 369 757 404 sunt
788 367 824 404 ei
854 367 960 413 Ioci,
1006 365 1072 404 ubi
1104 367 1247 415 singuli
1276 365 1461 405 infinitivi
1492 367 1670 410 historici

136 439 240 476 inter
285 435 377 475 bina
420 436 539 475 verba
569 435 680 476 finita
712 437 954 476 collocantur
988 436 1048 474 vel
1079 447 1164 474 cum
1197 436 1359 485 singulis
1392 436 1519 476 verbis
1550 436 1670 478 finitis

137 512 219 546 tam
249 510 335 546 arte
366 508 671 557 coniunguntur,
702 510 745 545 ut
775 517 901 556 neque
931 517 1003 555 per
1032 507 1312 546 sententiarum
1344 519 1532 546 conexum
1562 513 1602 547 et
1623 520 1671 548 ne

138 578 392 628 grammatice
439 578 594 627 quidem
640 578 790 617 secerni
827 578 991 625 possint.
1054 577 1165 626 Quod
1206 577 1311 626 apud
1350 589 1483 617 omnes
1513 564 1671 627 praeter

138 650 340 693 Plautum,
375 648 617 694 Terentium,
649 647 878 686 Ciceronem
906 648 1012 686 haud
1044 649 1101 686 ita
1131 659 1222 686 raro
1253 649 1452 687 invenitur
1467 646 1534 700 ³⁶):
1577 649 1670 688 Sall.

139 717 224 759 Cat.
268 720 321 757 21
360 718 595 767 ,increpabat
638 739 692 745 -
737 718 901 758 laudare
945 739 1001 744 —
1045 718 1294 758 admonebat.
1335 718 1392 757 60
1429 719 1581 758 instare
1615 741 1671 748 —

140 790 339 828 resistunt.
402 790 493 837 Jug.
529 790 582 828 32
615 787 724 827 fuere
756 810 812 815 —
845 789 1086 828 vendere—
1116 787 1299 838 agebant.
1365 791 1419 829 38
1452 790 1675 838 temptabat

142 882 196 888 —
228 869 493 908 corrumpere.
555 860 611 898 46
644 858 824 898 diffidere
867 881 908 886 —-
957 862 1120 898 conatus
1151 863 1222 899 est.
1254 881 1310 887 —-
1340 860 1476 899 Livius
1507 860 1539 912 Ι,
1572 862 1671 908 42,1

141 931 294 970 munire
322 934 361 969 et
391 931 532 979 iungit.
595 930 664 980 IV,
698 930 810 978 39,2
841 941 913 969 nec
930 940 1044 979 posse
1078 951 1130 957 —
1164 934 1203 969 et
1216 931 1354 971 tendit.
1418 931 1504 980 VII,
1540 932 1676 980 14,10

141 1012 284 1052 urgere
315 1023 371 1030 —-
404 1001 654 1041 circumvecti
686 997 823 1053 (sunt).
884 998 994 1049 XXI,
1034 1002 1099 1049 718
1132 1012 1210 1040 non
1242 1002 1358 1041 modo
1388 1003 1560 1050 micare,
1607 1002 1677 1043 sed

140 1094 196 1101 —
229 1076 316 1113 erat
371 1071 502 1121 XXII,
535 1072 604 1120 30,
639 1074 662 1110 7
696 1075 782 1111 erat
816 1094 863 1099 —-
901 1072 1060 1111 sentire.
1106 1073 1178 1119 42,
1208 1073 1235 1110 4
1268 1076 1355 1111 erat
1387 1095 1431 1100 -
1469 1073 1601 1112 dicere
1625 1095 1677 1102 —-

141 1145 274 1184 mittit.
306 1144 407 1191 47,6
440 1143 631 1192 impulere
660 1163 716 1169 —
748 1142 928 1181 insistere
959 1163 1016 1169 —
1049 1145 1320 1191 pervenerunt.
1365 1141 1511 1189 XXIII,
1551 1145 1676 1194 16‚10

140 1225 224 1253 esse
258 1236 294 1241 —
344 1214 476 1252 mittit.
540 1213 640 1259 27,2
680 1213 840 1266 capiunt
869 1233 924 1238 —
957 1212 1162 1252 contineri.
1224 1212 1378 1262 XXIV,
1426 1215 1551 1263 18,11
1583 1225 1675 1254 con-

140 1295 282 1324 venere
313 1305 369 1311 ——
399 1284 640 1332 hortarique.
700 1282 840 1330 XXV,
895 1282 992 1329 29,9
1025 1282 1251 1322 discurrunt
1285 1305 1335 1310 —
1369 1283 1590 1324 interficere
1623 1307 1676 1314 —-

141 1356 400 1404 diripuerunt.
463 1355 593 1402 38,23
631 1357 669 1392 et
713 1353 850 1392 audire
895 1374 947 1379 —
992 1356 1032 1392 et
1071 1354 1266 1401 placebat.
1326 1354 1500 1403 XXVII,
1548 1356 1674 1405 15,14

142 1436 282 1465 canere
325 1425 443 1465 tubae
489 1425 713 1474 clamorque
744 1427 865 1464 ortus.
928 1423 1104 1469 XXXII,
1155 1425 1254 1473 38,4
1287 1436 1432 1474 negare
1467 1447 1519 1453 —
1551 1427 1676 1467 iussit.

140 1496 237 1544 4Ο,2
270 1496 497 1546 postulabat
527 1496 582 1523 —‘—
616 1495 802 1534 abnuere.
863 1493 939 1544 (cf.
964 1494 1095 1546 XXII,
1127 1496 1239 1543 28,9.
1301 1496 1468 1546 XXVII,
1501 1494 1633 1550 24,1.)

259 1567 404 1607 Justin.
437 1566 509 1617 ΙΙΙ,
543 1566 612 1614 2,3
645 1560 821 1604 trahere
839 1586 891 1592 --
923 1564 1189 1605 confidebant.

258 1641 362 1677 auct.
394 1637 483 1676 bell.
515 1635 642 1676 Afric.
676 1636 772 1682 25,5
805 1637 982 1685 recipere
1015 1658 1070 1663 ——-
1100 1636 1276 1675 abduxit.

258 1707 384 1747 Tacit.
415 1718 507 1746 ann.
539 1706 618 1757 ΙΙΙ,
660 1707 713 1744 26
747 1707 835 1744 exui
877 1727 928 1732 —
962 1706 1181 1746 incedebat.
1247 1704 1342 1755 XII,
1384 1707 1437 1745 51
1470 1706 1536 1746 ubi
1569 1708 1676 1756 quati

142 1799 197 1804 —
231 1777 449 1817 vibrantur.
514 1775 605 1824 XV,
649 1777 702 1815 27
733 1776 891 1815 adicere
922 1797 977 1803 —-
1010 1777 1137 1824 pellit.
1199 1776 1291 1815 hist.
1322 1777 1406 1825 111,
1442 1777 1494 1815 10
1521 1778 1678 1817 crudes-

143 1858 232 1887 cere
263 1869 320 1874 -
351 1846 587 1886 transibant.
651 1847 702 1885 31
739 1849 781 1884 ut
813 1846 995 1895 praeberi
1028 1869 1082 1874 —
1115 1849 1154 1885 et
1185 1846 1450 1895 patiebantur.

258 1919 378 1967 Verg.
411 1920 509 1957 Aen.
543 1916 619 1966 XI,
666 1918 759 1958 142.
803 1913 921 1956 ruere
962 1939 998 1944 -
1033 1927 1215 1966 rapuere.
1277 1915 1386 1967 Gurt.
1420 1917 1501 1967 IV,
1551 1919 1673 1967 13,16

141 1989 320 2039 agitabat
354 2009 400 2017 —-
437 1989 630 2036 haerere.⁴
676 1988 775 2029 Stat.
809 1988 933 2028 Theb.
964 1987 998 2040 Ι,
1023 1988 1106 2028 673
1139 1988 1283 2027 deiecit
1316 2010 1366 2015 -—
1400 1992 1440 2027 et
1462 1988 1678 2038 obliquare.

142 2061 214 2109 III,
247 2060 330 2111 587
363 2063 517 2098 tentare
546 2080 604 2086 —-
634 2060 800 2098 lentant.
862 2058 909 2105 V,
949 2060 998 2097 12
1032 2059 1276 2097 circumdare
1314 2078 1354 2082 Q
1395 2059 1542 2099 atterit.
1604 2059 1677 2097 Pe-

141 2134 243 2170 tron.
279 2131 332 2169 72
366 2129 612 2168 consurrexit
647 2150 697 2155 —
730 2129 926 2178 subsequi.
991 2130 1044 2167 62
1087 2139 1171 2168 esse
1215 2150 1270 2155 -—
1317 2128 1482 2169 stabam.
1546 2128 1676 2168 Valer.

141 2199 272 2241 Flacc.
315 2199 372 2245 V,
414 2200 498 2238 256
537 2198 746 2248 prohibere
788 2220 844 2225 —
882 2199 1075 2246 invigilat.
1138 2198 1253 2247 VIII,
1295 2199 1375 2237 176
1420 2198 1553 2237 videre
1585 2195 1676 2249 (inf.

141 2271 372 2317 historicus,
421 2281 500 2308 non
538 2268 665 2309 forma
705 2268 871 2318 perfecti
903 2265 982 2321 est)
1025 2291 1080 2296 —
1114 2272 1244 2309 ruunt.
1307 2269 1455 2308 Lucan.
1490 2269 1559 2317 IV,
1591 2269 1673 2308 265

142 2345 232 2381 avet
260 2363 315 2368 —
348 2341 442 2389 pati.

262 2413 315 2450 Et
356 2412 490 2460 paucis
522 2410 675 2459 quidem
707 2411 802 2449 locis
834 2410 882 2449 de
913 2410 1109 2449 industria
1139 2410 1213 2449 hoc
1243 2421 1266 2448 a
1299 2411 1490 2458 scriptore
1521 2408 1676 2447 videtur

142 2484 363 2523 institutum
395 2492 495 2531 esse,
525 2484 569 2520 ut
600 2491 624 2520 a
654 2480 770 2519 Livio
800 2476 961 2533 (XXIV,
989 2476 1155 2533 18,11):
1188 2491 1403 2520 convenere
1423 2500 1478 2507 -—
1501 2478 1674 2518 hortari-

143 2565 216 2604 que
248 2551 303 2606 (V.
335 2563 373 2602 p.
411 2550 504 2605 10);
535 2551 676 2591 ceteris
707 2553 851 2599 autem,
878 2554 921 2589 ut
951 2551 1044 2591 Tac.
1077 2562 1167 2591 ann.
1199 2549 1291 2602 XII,
1311 2551 1378 2591 51.
1410 2551 1569 2590 Petron.
1603 2550 1673 2589 62.

179 2715 209 2757 *)
236 2704 367 2748 Eodem
391 2715 538 2747 fortasse
563 2713 711 2756 pertinet
736 2713 779 2748 L.
804 2711 1015 2756 Calpurnius
1037 2712 1122 2746 Piso
1148 2714 1184 2745 in
1208 2723 1289 2748 ann.
1317 2712 1366 2755 ΙΙ,
1385 2717 1424 2746 19
1454 2712 1521 2755 (ed.
1537 2711 1677 2755 Peter):

238 2775 280 2809 L.
306 2772 533 2817 Calpurnium
565 2776 716 2807 metuere
743 2781 888 2814 eumque
913 2776 992 2806 orat
1016 2771 1074 2815 (ἲ),
1103 2791 1146 2796 -ι
