1868 3121
164 135 195 184 4

163 253 231 292 ille
269 251 352 300 vir,
394 253 440 289 ut
475 251 576 289 miro
609 251 778 300 quodam
808 252 925 292 modo
956 253 998 292 in
1028 252 1256 291 historicam
1286 251 1402 291 modo
1434 252 1700 294 narrationem

168 322 234 362 hie
274 332 367 362 usus
405 319 711 372 transferretur,
757 325 874 373 atque
911 323 965 363 ibi
1005 332 1156 372 quoque
1194 322 1373 371 angustis
1403 320 1544 361 finibus
1575 324 1700 363 conti-

166 390 351 431 neretur?
408 390 486 430 Sed
520 402 569 430 ne
598 392 758 441 longum
787 394 853 441 sit,
881 394 988 433 inter
1017 403 1152 433 omnes
1182 403 1284 431 nunc
1315 395 1472 433 constat
1489 390 1702 434 infinitivos

164 474 253 517 eam
291 461 343 502 ob
382 472 541 511 causam
580 462 690 503 verbi
729 462 831 504 finiti
869 465 956 504 loeo
995 474 1073 503 non
1103 463 1276 512 potuisse
1307 464 1401 512 poni
1429 473 1458 503 a
1491 462 1699 515 principio,

167 533 271 582 quod
303 533 463 581 omnino
493 543 571 571 non
604 535 695 572 sunt
725 543 751 572 a
780 534 979 582 principio
1004 532 1203 583 infinitivi,
1233 533 1260 572 i.
1293 544 1328 572 e.
1360 532 1568 573 verborum
1583 533 1702 585 modi,

167 603 235 643 sed
267 613 381 643 casus
414 603 617 642 nominum
648 602 982 643 substantivorum
1014 604 1070 651 (v.
1102 603 1146 644 G.
1176 603 1346 653 Curtius,
1377 615 1446 643 zur
1478 603 1701 656 chronolog.

165 674 241 712 der
272 668 492 721 indoge'rm.
524 672 692 720 sprachf.
725 673 834 721 Lips.
871 669 1016 725 1867).
1311 707 1313 709 ,
1494 722 1503 725 Α

283 742 415 791 Quare
445 742 580 781 statim
610 743 663 783 ad
691 742 887 795 Ludwigii
918 744 1151 782 sententiam
1183 742 1497 793 progrediamur,
1528 743 1596 792 qui
1625 753 1703 783 non

176 813 310 852 multis
341 814 433 852 ante
462 813 583 851 annis
630 810 692 864 (in
723 812 845 862 libro,
886 814 952 861 qui
982 812 1231 854 inscribitur}
1280 811 1351 851 der
1380 811 1453 853 inf.
1480 814 1534 852 im
1564 809 1705 866 Veda)
1766 810 1770 813 ’

173 882 381 922 contendit
426 881 662 922 infinitivum
708 883 939 921 historicum
984 883 1045 922 vel
1093 883 1252 922 omnino
1298 882 1518 924 absolutum
1565 882 1622 921 eis
1657 892 1705 922 ex

170 952 421 1002 tem-poribus
458 953 637 992 relictum
679 963 763 992 esse
795 956 835 991 et
864 955 1128 1002 reservatum,
1174 963 1262 993 eum
1293 952 1454 993 verbum
1483 950 1635 992 finitum
1665 955 1706 991 et

164 1022 356 1063 infinitivi
404 1023 626 1072 promiscue
672 1026 971 1073 usurparentur.
1062 1016 1118 1061 At
1163 1033 1251 1063 cum
1300 1024 1425 1073 priori
1471 1019 1703 1077 (Wagneri)

166 1095 386 1134 sententiae
413 1096 570 1141 tantum
602 1097 709 1133 certe
741 1093 957 1134 concedere
988 1093 1118 1143 liceat,
1149 1093 1327 1142 potuisse
1360 1096 1418 1133 ita
1436 1104 1535 1143 esse,
1564 1092 1705 1134 ne-hoe

166 1164 324 1214 quidem
350 1164 555 1213 Ludwigio
588 1164 761 1203 dandum
791 1167 862 1204 est.
926 1164 1029 1204 Nam
1061 1166 1104 1202 ut
1134 1164 1270 1213 paucis
1300 1164 1431 1204 verbis
1461 1175 1546 1203 rem
1577 1164 1705 1204 absol-

166 1244 325 1284 vamus,
372 1233 464 1284 quid
516 1236 648 1282 potest
696 1233 865 1283 eogitari
912 1233 1082 1283 ineptius
1122 1244 1238 1283 quam
1277 1233 1424 1275 eisdem
1465 1233 1705 1284 temporibus

165 1293 302 1343 eadem
331 1308 413 1343 tam
446 1305 575 1343 verbis
605 1303 727 1343 finitis
758 1315 873 1354 quam
904 1303 1110 1344 infinitivis
1141 1304 1318 1344 homines
1349 1304 1625 1354 expressisse?

286 1374 425 1424 Neque
455 1386 549 1415 vero
592 1375 782 1414 maiorem
813 1374 1144 1424 probabilitatem,
1183 1384 1299 1424 quam
1329 1375 1386 1415 in·
1401 1376 1458 1414 eis
1489 1376 1704 1426 sententiis,

166 1456 265 1495 quae
310 1455 430 1494 supra
468 1445 615 1485 allatae
655 1449 765 1494 sunt,
815 1446 857 1485 in
886 1445 1054 1495 Reisigii
1084 1446 1256 1495 permiro
1286 1446 1446 1487 invento
1476 1447 1706 1496 longiusque

166 1517 362 1555 aroessito
381 1531 383 1533 ·
403 1515 645 1555 arbitramur
684 1516 835 1564 inesse,
882 1526 969 1554 oum
1001 1515 1140 1556 scribit
1176 1516 1457 1566 (vorlesungen
1487 1516 1608 1556 ueber
1637 1516 1707 1557 lat.

173 1584 544 1634 sprachwissensch.
575 1581 718 1638 5445)
750 1596 796 1624 ex
826 1586 964 1635 literis,
996 1585 1136 1636 quibus
1168 1587 1427 1635 imperatores
1445 1586 1613 1627 Romani
1644 1597 1708 1627 res

171 1659 305 1703 gestas
335 1656 489 1694 senatui
508 1656 729 1703 populoque
759 1658 986 1696 renuntiare
1004 1655 1195 1705 solebant,
1225 1655 1460 1695 infinitivum
1476 1656 1707 1696 historicum

163 1728 302 1766 ortum
342 1736 439 1766 esse.
518 1712 573 1765 At
612 1727 781 1775 primum
823 1738 900 1766 non
941 1726 1113 1767 traditur
1151 1726 1411 1775 imperatores
1450 1725 1525 1767 hoe
1562 1738 1706 1777 genere

167 1795 367 1836 scribendi
399 1797 478 1836 illis
509 1798 550 1836 in
580 1797 707 1835 literis
738 1807 828 1836 usos
856 1807 955 1846 esse,
988 1807 1075 1838 cum
1106 1796 1215 1836 credi
1246 1797 1311 1836 vix
1340 1798 1466 1846 possit
1483 1796 1559 1836 hoo
1575 1808 1705 1846 gram-

165 1866 334 1906 maticos
381 1867 525 1907 latinos
577 1876 739 1916 prorsus
785 1865 969 1906 fefellisse
1019 1863 1346 1920 (commemorare
1378 1871 1584 1917 praeterea
1614 1869 1707 1908 lieet

165 1936 349 1976 Caesaris
378 1937 496 1978 illud:
531 1938 633 1986 veni,
667 1937 761 1986 vidi,
793 1937 922 1982 vicii).

286 2007 374 2056 Qua
404 2007 454 2048 de
485 2018 603 2048 eausa
633 2018 682 2047 ne
713 2008 796 2047 veri
828 2008 953 2047 simile
986 2007 1142 2056 quidem
1160 2007 1234 2047 hoe
1254 2007 1379 2047 videri
1399 2011 1539 2057 potest.
1603 2007 1707 2047 Nam

164 2078 269 2127 quod
300 2078 470 2127 Jollyius
501 2074 660 2130 (Gesoh.
694 2078 732 2118 d.
764 2076 834 2117 inf.
865 2087 903 2126 p.
938 2073 1042 2129 181)
1074 2077 1201 2127 affert,
1232 2087 1318 2117 eam
1349 2077 1400 2117 ob
1429 2089 1512 2118 rem
1532 2077 1702 2127 Reisigii

162 2149 401 2189 sententiam
434 2148 540 2189 omni
574 2147 854 2198 probabilitate
886 2159 1034 2198 carere,
1066 2147 1170 2198 quod
1201 2146 1426 2190 confirmari
1454 2149 1582 2199 possit
1612 2147 1700 2189 infi-

166 2220 331 2258 nitivum
370 2219 600 2259 historicum
640 2220 763 2259 multo
802 2223 895 2259 ante
931 2220 971 2258 in
1011 2229 1082 2258 usu
1114 2218 1233 2260 fuisse
1259 2230 1378 2268 quam
1408 2220 1521 2269 illae,
1568 2223 1612 2258 ut
1641 2220 1699 2259 ita

162 2290 360 2340 dicamus,
399 2291 681 2339 imperatorum
711 2290 1022 2330 renuntiationes
1052 2289 1138 2329 fieri
1158 2290 1358 2330 solerent:
1398 2289 1592 2331 declarari
1622 2290 1699 2330 hoe

159 2357 366 2399 infinitivis
408 2370 494 2398 cum
534 2359 724 2401 absolutis
763 2363 982 2400 ceterarum
1022 2359 1244 2408 linguarum
1275 2358 1697 2410 indogermanioarum,

160 2433 244 2469 tum
284 2430 442 2479 linguae
472 2430 705 2471 Lithavioae
742 2428 940 2470 infinitivo
982 2429 1191 2476 historiam
1239 2430 1336 2469 haec
1374 2429 1464 2470 ideo
1494 2432 1588 2478 apta
1618 2441 1697 2469 non

161 2503 273 2548 sunt,
322 2500 428 2550 quod
466 2501 635 2549 primum
676 2503 898 2544 ceterarum
935 2497 1159 2548 linguarum
1195 2498 1379 2540 infinitivi
1409 2499 1579 2541 absoluti
1601 2510 1697 2551 ‘cum

161 2571 355 2611 historico
386 2571 534 2610 latinae
563 2571 720 2619 linguae
751 2569 947 2610 infinitivo
979 2580 1056 2608 non
1089 2572 1179 2608 sunt
1210 2568 1485 2611 confundendi.

279 2641 383 2680 Nam
414 2640 473 2679 illi
504 2640 663 2688 quidem
693 2640 916 2688 imperativi
949 2640 1071 2679 vicem
1089 2639 1295 2688 sustinent,
1327 2640 1390 2679 hie
1407 2641 1447 2679 in
1465 2640 1695 2681 excitatiore

160 2710 351 2750 narrandi
400 2720 545 2759 genere
591 2709 812 2751 adhibetur.
903 2709 988 2758 Quo
1028 2712 1161 2748 tamen
1199 2708 1316 2748 modo
1356 2710 1544 2759 explicari
1582 2719 1695 2758 posse

160 2781 378 2830 putandum
407 2783 479 2830 est,
504 2780 575 2830 qni
607 2778 756 2819 factum
787 2781 853 2831 sit,
884 2784 927 2820 ut
954 2780 1079 2821 latina
1108 2780 1150 2818 in
1167 2779 1303 2828 lingua
1319 2779 1361 2820 hi
1378 2779 1575 2829 infinitivi,
1605 2788 1692 2820 cum
