1868 3121
136 120 195 177 ie

133 254 269 295 Valet.
302 255 363 296 Fl.
397 255 506 303 VIH,
538 256 620 295 176
652 253 829 305 aliisque,
864 267 940 305 qua
971 266 1090 295 causa
1107 257 1320 306 scriptores
1335 256 1387 296 ad
1405 257 1674 306 usurpandum

131 326 207 365 hoc
238 326 426 376 loquendi
458 336 581 375 genus
613 327 708 366 moti
741 327 820 365 sint
851 326 930 366 dici
961 337 1039 367 non
1071 329 1212 376 potest.

863 449 891 506 ἓ
925 455 963 495 3.

225 533 361 612 'quot
395 546 616 596 infinitivi
653 546 862 595 historici
898 546 946 594 in
985 546 1142 595 eadem
1178 546 1362 609 periodo
1400 546 1579 609 possint

798 638 1026 694 collocari.

249 747 425 786 Numero
472 744 753 786 infinitivorum
798 747 937 786 eadem
979 747 1021 785 in
1061 746 1223 795 periodo
1263 747 1480 795 positorum
1522 748 1672 784 certum

128 819 341 857 terminum
382 828 461 857 non
493 828 579 856 esse
610 818 869 856 constitutum
898 828 922 856 a
953 816 1232 865 scriptoribus,
1272 817 1528 857 antecedente
1554 826 1671 865 para-

128 888 283 937 grapho
330 890 678 927 commemoratum
719 892 792 926 est.
862 887 1098 936 Saepissime
1141 888 1245 926 enim
1285 888 1538 926 inveniuntur
1578 889 1671 938 duo,

131 961 228 1008 tres,
260 961 461 1008 quattuor,
493 958 677 1007 quinque,
711 969 790 1008 sex,
821 959 950 997 rarius
981 958 1101 997 etiam
1130 959 1257 997 maior
1283 969 1489 1008 numerus,
1521 961 1669 1007 septem

127 1032 240 1069 sunt:
280 1029 409 1069 Plaut.
442 1028 567 1070 Mero.
600 1029 639 1077 I,
676 1030 772 1080 1,46
805 1029 1017 1078 obiurgare
1059 1050 1093 1054 -
1136 1038 1365 1078 expromere
1402 1051 1446 1057 —
1484 1030 1664 1078 conloqui

129 1121 183 1126 —-
226 1100 400 1139 abnuere
448 1122 497 1127 —
538 1101 718 1149 negitare
760 1121 817 1127 —
857 1101 1137 1139 conclamitare
1175 1120 1233 1135 —.-
1274 1099 1513 1148 praedicere.
1576 1099 1662 1138 Liv.

126 1170 276 1218 xxm,
308 1171 379 1222 4,8
415 1156 455 1210 'et
487 1169 625 1220 XLIV,
658 1171 769 1218 343.
802 1192 858 1197 —
887 1168 997 1209 Caes.
1029 1170 1179 1219 b.ga11.
1211 1169 1282 1219 111,
1297 1171 1338 1209 4.
1375 1192 1426 1197 —
1460 1169 1555 1209 san.
1575 1170 1666 1219 Jug.

128 1242 197 1281 36.
240 1241 360 1284 51i-n.
394 1241 607 1293 5l,5.·55.
642 1242 710 1280 57.
747 1241 811 1279 72.
859 1262 915 1267 —
960 1241 1053 1284 mac.
1084 1252 1173 1280 ann.
1209 1235 1322 1291 XIV,
1364 1242 1405 1280 8.
1467 1240 1567 1280 Plin.
1600 1250 1661 1289 ep.

126 1312 208 1359 IX,
236 1312 348 1360 33,4.
383 1333 437 1340 -—
469 1314 559 1350 octo
591 1314 705 1351 sunt:
736 1311 861 1351 Lucll.
895 1322 940 1350 ex
971 1312 1047 1351 inc.
1065 1311 1156 1352 libr.
1179 1310 1235 1350 IV
1254 1308 1338 1364 (ed.
1356 1311 1521 1359 Muell.).
1582 1309 1663 1352 cio.

125 1394 203 1432 pro
230 1382 347 1422 Rosc.
381 1381 471 1421 Am.
504 1381 677 1433 38,110.
743 1382 835 1421 Sall.
871 1382 964 1430 Jug.
998 1383 1036 1421 6.
1070 1382 1182 1429 60,4.
1214 1382 1283 1421 84.
1317 1382 1384 1420 97.
1446 1381 1539 1422 Tac.
1573 1382 1666 1423 hist.

124 1453 207 1503 III,
250 1454 319 1494 73.
364 1474 417 1480 —-
455 1460 619 1493 novem:
663 1452 789 1492 Tacit.
822 1444 915 1494 ann.
945 1451 1025 1502 IV,
1065 1453 1133 1493 51.
1194 1453 1291 1502 Agr.
1328 1454 1393 1492 19.
1436 1474 1485 1480 —-
1533 1454 1667 1493 decem

127 1525 256 1564 Tacit.
288 1524 386 1572 Agr.
421 1524 488 1564 38.
519 1522 612 1563 Sall.
646 1521 733 1562 Gat.
768 1524 836 1562 27.
870 1524 960 1571 Jug.
993 1524 1105 1571 55,8.
1136 1524 1222 1564 Liv.
1256 1522 1414 1572 XXVII,
1447 1525 1592 1576 45,10.
1614 1546 1662 1552 —

124 1595 305 1634 undecim
337 1593 431 1634 Sall.
464 1593 555 1641 Jug.
589 1593 706 1632 661n.
741 1593 808 1633 96.
844 1592 1042 1640 (Lactant.
1066 1594 1179 1642 epist.
1201 1593 1252 1633 ad
1264 1593 1429 1634 Pentad.
1451 1605 1484 1634 c.
1506 1591 1667 1644 59).—

125 1666 334 1704 duodecim
364 1664 458 1704 Sall.
493 1662 577 1704 Cat.
613 1665 681 1704 31.
713 1667 753 1702 et
784 1664 929 1712 Appul.
961 1664 1125 1704 Metam.
1157 1662 1263 1713 VIII,
1293 1665 1334 1705 7.
1378 1686 1430 1692 —
1475 1664 1665 1704 tredecim

123 1736 215 1776 Sall.
248 1736 341 1784 Jug.
374 1734 475 1787 94,5
506 1746 563 1784 sq.
597 1731 698 1785 (Sia.
729 1734 861 1783 Apoll.
891 1744 951 1784 ep.
984 1733 1072 1785 VII,
1102 1736 1128 1773 2
1160 1731 1295 1787 med.)
1328 1757 1384 1763 ——

243 1806 477 1855 Plerumque
509 1806 548 1844 hi
580 1804 764 1844 infinitivi
793 1806 901 1845 omni
927 1807 1033 1845 inter
1048 1817 1090 1845 se
1103 1806 1379 1845 coniunctione
1406 1809 1555 1856 carent,
1587 1816 1665 1854 qua

122 1890 166 1917 re
217 1878 463 1917 alacritatem
512 1880 630 1926 atque
678 1876 973 1916 festinationem
1019 1878 1208 1917 orationis
1266 1878 1481 1926 scriptores
1528 1877 1665 1916 volunt

125 1950 275 1998 augeri,
297 1952 341 1987 ut
360 1948 454 1988 Sall.
469 1946 559 1988 Cat.
575 1948 650 1989 31:
675 1947 874 1998 festinare,
898 1949 1111 1998 trepidare,
1138 1949 1362 1998 nequcloco
1375 1956 1500 1998 neque
1512 1948 1662 1988 homini

122 2020 302 2069 cuiquam
327 2019 424 2058 satis
447 2017 621 2068 credere,
643 2029 769 2068 neque
789 2018 934 2057 bellum
959 2029 1097 2067 gerere
1121 2030 1246 2069 neque
1261 2029 1397 2068 pacem
1410 2019 1569 2069 habero,
1593 2029 1663 2060 suo

120 2093 282 2145 quisque
296 2092 401 2129 metu
415 2089 591 2138 pericula
604 2090 747 2129 metiri.
779 2089 843 2128 Ad
858 2089 932 2129 hoc
946 2090 1129 2129 mulieres
1142 2111 1196 2117 -—-
1208 2088 1401 2130 afflictare
1410 2101 1508 2139 sese,
1524 2102 1663 2131 manus

121 2161 172 2200 ad
187 2162 337 2214 caelum
349 2160 524 2209 tendere,
538 2160 719 2199 miserari
733 2170 877 2209 parvos
890 2160 1047 2210 liberos,
1062 2161 1248 2210 rogitare,
1263 2162 1395 2200 omnia
1408 2170 1565 2211 pavere,
1581 2161 1662 2201 sibi

118 2230 349 2280 patriaeque
381 2229 574 2271 diffidere.
609 2253 662 2258 —
696 2229 848 2270 Ceteris
878 2232 975 2270 locis
1007 2232 1238 2281 plerumque
1262 2234 1477 2281 usurpatur
1507 2232 1585 2284 ρι’,
1617 2236 1661 2271 ut

118 2301 203 2341 Liv.
236 2300 268 2351 1,
301 2302 401 2353 4Ο,6
434 2301 565 2351 primo
594 2304 758 2350 uterque
788 2301 998 2341 vociferari
1031 2305 1070 2341 et
1100 2302 1343 2352 obstrepere,
1375 2304 1422 2341 al.
1454 2303 1501 2353 l.3
1529 2303 1660 2342 rarius

120 2393 171 2398 —
208 2382 294 2421 que,
325 2383 387 2421 ac,
419 2375 548 2421 atque,
580 2380 676 2412 nec:
710 2375 752 2410 ut
782 2371 869 2411 Liv.
900 2370 987 2422 VII,
1022 2373 1118 2421 332
1153 2373 1288 2412 consul
1307 2376 1465 2413 vincere
1487 2385 1535 2413 ac.
1556 2374 1659 2413 vinci

118 2454 191 2482 nec
234 2443 452 2491 aspernari.
514 2442 601 2482 Liv.
645 2441 725 2491 IX,
775 2443 897 2495 14,16
941 2443 1087 2482 milites
1130 2443 1293 2484 laudare
1344 2444 1561 2495 laetarique
1612 2455 1659 2485 ac

118 2513 251 2553 fateri.
314 2514 421 2553 Raro
453 2517 583 2553 autem
616 2513 855 2553 adhibentur
886 2503 973 2553 cum
1009 2538 1057 2543 —-
1093 2518 1200 2563 tum,
1245 2526 1318 2555 nec
1348 2537 1405 2544 —
1437 2526 1534 2565 nec,
1577 2526 1656 2555 non

117 2588 270 2624 tantum
303 2604 360 2611 —
381 2584 462 2634 sed,
492 2584 642 2634 quippe
672 2595 772 2634 quae
803 2596 889 2624 cum
921 2584 1118 2624 sedatiore
1148 2586 1495 2636 tranquillioreque
1513 2596 1658 2635 genere

116 2655 272 2694 dicendi
305 2655 431 2703 magis
461 2659 706 2705 congruant,
744 2655 793 2694 cf.
826 2656 911 2695 Liv.
945 2654 1011 2705 VI,
1042 2657 1124 2703 416.
1157 2655 1264 2706 VIII,
1300 2659 1412 2710 19,6.
1442 2657 1510 2710 VI,
1544 2658 1654 2705 23,2.

117 2723 301 2765 Ceterum
346 2725 421 2764 hoc
451 2725 679 2765 addendum
705 2729 770 2765 est
803 2747 854 2759 —
888 2738 961 2776 que
991 2728 1308 2768 coniunctionem
1338 2730 1396 2769 ita
1426 2729 1655 2778 plerumque

115 2796 322 2849 adhiberi,
354 2800 397 2835 ut
427 2796 532 2836 idem
562 2797 778 2837 subiectum
810 2802 987 2841 manea-t:
1028 2811 1060 2838 v.
1093 2799 1178 2839 Liv.
1211 2795 1296 2852 IX,
1332 2801 1471 2848 14,16.
1511 2801 1654 2848 27,14.
