1868 3121
1647 172 1704 216 Ἀ

179 292 246 331 25.
307 288 375 337 IV,
408 288 477 327 62,
516 286 635 335 >Agr.
668 287 736 327 37.
796 287 887 328 hist.
917 287 988 337 IV,
1022 289 1090 327 29.
1150 289 1353 339 Smsng.
1384 290 1451 330 51.
1513 290 1594 332 Gic.
1627 302 1701 341 pro

176 362 276 401 sest.
310 358 438 409 34,74
478 357 627 395 clamor
669 359 853 406 senatus,
899 358 1117 406 querellae,
1159 368 1317 408 preces,
1361 371 1472 399 socer
1502 362 1553 400 ad
1582 362 1701 411 pedes

177 431 380 472 abiectus:
411 428 477 467 ille
506 426 718 468 affirmare.
779 426 830 468 ef.
862 438 920 467 or.
950 427 1050 468 Phil.
1087 425 1170 477 XII,
1206 433 1242 469 1.
1283 449 1327 457 ——

810 619 930 701 Cap.
973 619 1067 683 ΠΤ.

411 759 480 816 qui
511 759 762 815 scriptores
793 759 859 804 usi
891 759 981 804 sint
1012 758 1221 804 infinitivo
1252 728 1479 804 historico.

289 890 331 929 Si
376 891 416 928 in
459 899 526 928 eos
571 890 809 937 scriptores,
853 890 917 938 qui
961 893 1052 926 ante
1092 887 1292 928 Ciceronis
1323 893 1502 938 tempora
1532 888 1701 937 fuerunt,

172 961 343 1001 animum
375 960 627 1009 advertimuS,
660 963 837 1009 apparet,
869 959 973 999 haud
1005 961 1139 1008 paucis
1170 960 1289 1008 locis,
1321 971 1407 999 cum
1439 970 1485 999 ex
1516 959 1700 1009 operibus

171 1031 423 1080 plurimorum
453 1030 678 1078 fragmenta
708 1030 831 1070 solum
862 1030 1009 1068 tradita
1042 1031 1131 1078 sint,
1163 1041 1241 1069 non
1272 1031 1350 1069 iam
1382 1040 1496 1079 posse
1516 1030 1698 1078 discerni,

170 1104 298 1139 utrum
341 1111 365 1138 a
402 1100 597 1148 principio
638 1093 756 1138 fuerit
796 1098 1009 1138 infinitivus
1052 1100 1261 1138 historicus
1292 1107 1437 1150 necne;
1479 1112 1569 1139 nam
1601 1101 1697 1139 satis

168 1170 295 1209 firmis
340 1169 494 1218 quidem
526 1169 789 1208 fundamentis
820 1171 860 1207 in
891 1170 1020 1208 Plauti
1054 1171 1176 1208 solum
1208 1174 1247 1208 et
1278 1171 1454 1209 Terentii
1485 1170 1697 1209 comoediis

168 1240 390 1283 innitimur,
454 1244 592 1279 contra
649 1240 752 1289 quod
800 1239 850 1278 ad
908 1243 1058 1279 ceteros
1112 1240 1266 1289 priscae
1306 1241 1448 1279 aetatis
1488 1241 1699 1288 scriptores

172 1310 322 1358 attinet,
354 1309 440 1358 plus
471 1311 647 1349 minusve
678 1311 904 1349 verisimilia
936 1314 1025 1348 sunt
1056 1310 1264 1358 sequenda.
1326 1311 1416 1350 Jam
1446 1311 1498 1350 ad
1518 1311 1694 1360 singulos

166 1379 383 1421 veniamus:

284 1443 326 1490 Ι..
358 1443 613 1502 Calpurnius
645 1445 745 1495 Piso
786 1450 826 1489 in
868 1461 959 1490 ann.
991 1448 1050 1499 H,
1096 1450 1146 1489 19
1189 1447 1346 1503 (fragm.
1378 1450 1470 1490 hist.
1502 1461 1597 1490 rom.
1631 1448 1692 1489 ed.

164 1518 280 1557 Peter
299 1530 336 1568 p.
358 1517 484 1572 127):
517 1520 562 1559 L.
582 1518 833 1569 calpurnium
865 1522 1055 1569 collegam
1086 1533 1196 1559 suum
1226 1525 1398 1559 metuere
1429 1526 1469 1559 et
1499 1525 1599 1559 orat.
1634 1542 1690 1547 -

280 1583 326 1631 ss.
365 1584 566 1632 Claudius
606 1584 917 1645 ssuadriqarius
958 1592 998 1630 in
1040 1603 1131 1631 ann.
1168 1589 1233 1641 11,
1279 1591 1332 1631 39
1366 1581 1690 1640 comprehensare

164 1671 251 1699 suos
280 1662 456 1710 quisque,
488 1663 658 1710 saviare,
688 1663 912 1710 amplexare
946 1662 1023 1713 (ΠΙ
1054 1666 1210 1701 senatus
1243 1662 1292 1701 de
1324 1666 1436 1701 nocte
1469 1662 1690 1710 convenire,

164 1733 278 1769 noctu
304 1732 426 1771 multa
457 1732 616 1771 domum
647 1732 790 1772 dimitti
804 1728 855 1785 Ρ).

280 1797 322 1842 Ι..
354 1796 580 1844 cornelius
600 1797 787 1845 Sisenna
816 1804 857 1842 in
888 1815 979 1843 ann.
1011 1803 1081 1852 ΙΗ,
1103 1803 1158 1842 30
1188 1803 1243 1842 ali
1274 1803 1376 1842 saltu
1406 1813 1454 1841 ac
1485 1802 1690 1841 velocitate

165 1873 320 1910 certare.
344 1869 415 1925 (cf.
450 1874 515 1913 76.
549 1874 617 1913 97.
654 1873 748 1912 120.
787 1874 880 1914 121.
914 1875 993 1913 135
1011 1870 1061 1925 Ρ).

279 1937 457 1986 Plautus
493 1944 598 1983 haud
637 1955 729 1984 raro
766 1943 959 1984 infinitivo
1003 1945 1191 1984 historico
1229 1945 1374 1985 utitur:
1437 1944 1544 1984 Trin.
1590 1944 1688 1985 836.

163 2005 304 2061 Amph.
338 2015 434 2054 222.
470 2016 585 2054 1110
616 2025 702 2065 sqq.
763 2015 894 2056 Aulul.
927 2017 1024 2065 prol.
1063 2017 1128 2056 18.
1190 2014 1338 2057 Cistell.
1373 2016 1421 2065 11,
1456 2015 1567 2063 3,4Ο.
1623 2016 1688 2063 IV,

167 2082 246 2128 1,9.
307 2083 430 2125 Mero.
462 2085 504 2134 I,
555 2086 687 2133 1,46.’
724 2086 786 2136 II,
836 2088 930 2134 1,16
958 2096 1045 2143 sqq.
1078 2087 1131 2126 ib.
1165 2087 1232 2126 27.
1293 2086 1438 2125 Bacch.
1473 2085 1534 2134 ΙΙ,
1574 2085 1686 2136 3,56.

164 2150 358 2192 Incertum
388 2167 439 2194 an
470 2154 684 2196 infinitivus
714 2157 853 2197 histor.
883 2157 1111 2197 statuendus
1143 2159 1207 2206 sit,
1239 2160 1299 2197 est
1329 2155 1472 2197 Bacch.
1504 2156 1554 2205 II,
1577 2156 1686 2204 3,25‚

165 2227 324 2270 propter
353 2227 596 2273 praecedens
626 2228 808 2279 ⁴eoepit'z
840 2228 944 2267 idem
975 2228 1082 2266 cadit
1112 2228 1153 2266 in
1185 2228 1288 2269 Rud.
1322 2228 1419 2275 606,
1451 2227 1517 2265 ubi
1548 2230 1625 2265 est:

368 2300 498 2347 ‘atque
528 2297 597 2336 illa
628 2298 748 2337 nimio
781 2299 859 2338 iam
890 2297 975 2337 fieri
1004 2297 1173 2337 ferocior

367 2367 535 2416 ‘videtur
564 2369 667 2409 ultro
698 2369 793 2408 mihi
825 2370 967 2409 malum
998 2369 1252 2419 minitarier'3

162 2441 245 2471 cum
276 2437 508 2489 nesciamus,
538 2442 666 2479 utrum
700 2443 787 2488 post
818 2451 852 2480 v,
886 2439 1093 2490 ‘ferocior-2
1126 2452 1174 2480 an
1196 2443 1286 2489 post
1308 2451 1343 2481 v.
1363 2437 1541 2489 ‘videtur’
1564 2437 1684 2476 inter-

161 2507 408 2553 pungendum
438 2507 553 2563 sit.⁸)
614 2510 711 2549 Tum
744 2521 859 2560 quem
890 2512 1017 2550 locum
1047 2511 1162 2550 aflert
1179 2509 1412 2551 Golenskius
1446 2510 1488 2556 (l.
1506 2506 1566 2559 1.).
1599 2507 1682 2545 Mil.

161 2571 217 2618 II,
262 2576 387 2627 6,106
432 2590 465 2621 v,
510 2579 781 2631 ‘transfugere’
825 2585 988 2631 propter
1018 2583 1095 2622 loci
1126 2593 1280 2621 sensum
1312 2579 1485 2629 perfecto
1516 2579 1684 2627 tempori

160 2642 407 2686 tribuendum
438 2653 507 2688 est.
547 2671 596 2677 —

195 2812 229 2852 8)
258 2815 426 2854 Narratur
449 2822 542 2854 enim
566 2822 634 2855 hoo
659 2823 737 2856 loco
762 2824 937 2858 somnium
962 2825 1148 2867 quoddam.
