1868 3121
256 868 334 943 De
361 900 555 942 infinitivo
583 901 771 941 historico
802 912 1037 952 quamquam
1067 914 1145 943 non
1176 911 1301 949 pauca
1331 912 1453 953 usque
1481 900 1532 940 ad
1563 900 1637 950 hoc

117 986 272 1029 tempus
315 979 464 1026 scripta
504 981 614 1026 sunt,
654 986 768 1016 nemo
798 980 952 1026 tamen,
996 978 1073 1017 nisi
1102 977 1219 1017 fallor
1234 1008 1244 1027 ‚
1286 978 1508 1017 universam
1540 978 1642 1017 hanc

116 1050 383 1103 quaestionem
426 1042 608 1088 accurate
645 1051 817 1087 tractare
856 1051 1018 1087 conatus
1058 1052 1128 1088 est.
1189 1048 1326 1098 Itaque
1367 1059 1445 1087 non
1482 1048 1641 1088 dubium

115 1131 199 1162 esse
242 1123 434 1169 putamus,
478 1118 571 1168 quin
613 1118 646 1156 si
687 1118 772 1167 quis
802 1117 915 1157 huius
943 1116 1127 1160 infinitivi
1155 1129 1265 1157 usum
1294 1118 1400 1167 apud
1430 1119 1642 1167 scriptores

114 1192 256 1230 latinos
293 1189 429 1241 paucis
470 1188 642 1237 exceptis
672 1188 789 1237 longe
819 1189 973 1239 lateque
1004 1192 1202 1238 patentem
1232 1188 1443 1237 diligenter
1473 1189 1641 1237 explica-

115 1244 227 1311 verit,
257 1259 291 1299 is
320 1269 463 1308 operae
494 1258 662 1307 pretium
692 1256 812 1311 fuerit
840 1256 1027 1299 facturus.

232 1376 345 1415 Hanc
374 1376 495 1424 igitur
523 1367 743 1424 syntaxeos,
774 1386 890 1423 quam
920 1384 1022 1413 nunc
1053 1373 1301 1423 grammatici
1331 1377 1486 1423 vocant,
1516 1373 1639 1414 histo-

115 1449 221 1487 ricae
260 1444 570 1495 partemsadhuc
598 1445 777 1484 relictam
806 1446 866 1484 vel
895 1445 1064 1484 strictim
1094 1445 1341 1494 breviterque
1369 1448 1517 1484 tactam
1547 1443 1640 1483 ube·

116 1519 198 1557 rius
242 1517 317 1555 boc
361 1516 463 1555 libro
504 1518 676 1554 tractare
721 1516 852 1554 animo
892 1516 1135 1563 propositum
1179 1514 1379 1555 habemus.
1442 1514 1642 1564 Imprimis

117 1590 247 1627 autem
285 1586 360 1626 hoc
389 1589 632 1635 spectamus,
671 1589 714 1625 ut
742 1586 1052 1625 demonstremus
1067 1616 1077 1636 ‚
1112 1586 1178 1636 qui
1208 1586 1419 1635 scriptores
1448 1584 1642 1627 infinitivo

117 1658 305 1701 historico
336 1660 497 1697 utantur
528 1657 736 1706 qualiaque
765 1656 840 1695 hoc
870 1657 911 1695 in
942 1668 1014 1695 usu
1043 1659 1254 1706 sequantur
1282 1661 1494 1706 praecepta
1511 1654 1642 1706 gramss

118 1729 276 1774 matica.
338 1728 428 1768 Jam
469 1739 557 1767 cum
597 1731 788 1776 appareat
816 1728 954 1767 summi
984 1728 1035 1768 ad
1064 1728 1167 1767 hanc
1197 1728 1463 1778 quaestionem
1491 1729 1643 1767 solven-

119 1799 207 1838 dam
236 1799 423 1837 momenti
453 1808 539 1837 esse
569 1808 699 1836 rerum
731 1799 960 1849 scriptores,
991 1798 1129 1837 horum
1158 1800 1367 1847 praecipue
1396 1799 1489 1838 libri
1519 1800 1643 1846 respi-

119 1868 247 1907 ciendi
264 1867 518 1917 videbantur,
549 1868 716 1919 maxime
735 1868 916 1906 nimirum
946 1867 1134 1917 Sallustii,
1164 1868 1279 1917 Livii,
1303 1868 1446 1908 Taciti.
1509 1869 1645 1917 Neque

119 1948 210 1977 vero
239 1939 357 1977 ceteri
390 1938 602 1986 scriptores
633 1941 673 1976 et
704 1938 769 1986 qui
798 1938 924 1977 soluta
954 1941 994 1977 et
1024 1939 1089 1987 qui
1120 1939 1253 1977 vincta
1271 1939 1450 1978 oratione
1471 1941 1646 1986 utuntur,

119 2008 352 2057 neglegendi
394 2011 528 2053 erant,
570 2011 613 2047 ut
643 2008 779 2047 Cicero
811 2011 850 2046 et
879 2007 1075 2057 Vergilius
1107 2012 1147 2047 et
1178 2009 1243 2058 qui
1271 2012 1364 2048 ante
1393 2019 1459 2048 eos
1489 2012 1530 2048 et
1557 2012 1647 2057 post

120 2088 185 2116 eos
220 2079 464 2119 exstiterunt.
526 2078 629 2117 Nam
674 2089 721 2116 ex
761 2079 848 2126 ipsa
888 2089 933 2116 re
974 2082 1140 2127 apparet
1178 2080 1398 2127 priscorum
1429 2082 1646 2129 poetarum,

120 2149 248 2197 quoad
278 2147 366 2188 fieri
396 2152 539 2198 posset,
569 2147 764 2188 rationem
790 2159 815 2188 a
844 2148 957 2188 nobis
987 2148 1210 2188 habendam
1241 2148 1379 2199 fuisse3
1409 2152 1647 2197 posteriores

123 2221 252 2256 autem
282 2220 471 2266 plurimos
501 2219 594 2257 inde
622 2230 648 2257 a
661 2218 789 2259 Taciti
819 2218 1073 2266 temporibus,
1106 2220 1180 2257 nisi
1209 2219 1277 2268 qui
1307 2219 1400 2268 quid
1430 2220 1522 2258 novi
1553 2219 1647 2258 affe-

120 2290 228 2337 runt,
267 2291 313 2327 ut
340 2288 496 2328 silentio
526 2289 842 2338 praeteriremus,
871 2299 957 2328 eam
987 2288 1036 2328 ob
1068 2300 1224 2328 causam
1256 2289 1359 2338 quod
1388 2293 1541 2338 tempus
1570 2301 1649 2330 non

122 2358 365 2407 suppetebat,
397 2359 619 2399 necessario
638 2359 777 2398 *coacti
809 2368 951 2398 sumus

245 2473 323 2513 Sed
344 2475 579 2526 ,priusquam
607 2474 656 2513 de
687 2485 757 2512 usu
787 2472 972 2512 infinitivi
1002 2473 1180 2513 historici
1210 2475 1428 2524 loquamur,
1475 2485 1523 2514 ea
1552 2475 1645 2515 dere

123 2540 333 2583 dicendum
363 2543 476 2584 nobis
506 2547 589 2594 est,
626 2547 728 2584 unde
757 2547 866 2583 ortus
895 2543 1075 2583 videatur
1104 2542 1319 2597 infinitivus
1350 2546 1558 2585 historicus
1589 2546 1649 2585 vel

123 2613 257 2658 potius
287 2615 420 2663 quales
449 2615 498 2655 de
537 2615 689 2665 origine
719 2614 802 2653 eius
833 2615 1048 2663 sententiae
1078 2616 1118 2653 in
1151 2615 1321 2655 medium
1352 2617 1530 2666 prolatae
1559 2617 1650 2666 sint,

124 2680 265 2723 deinde
297 2686 412 2735 quam
443 2686 521 2725 vim
550 2685 707 2727 habeat.

189 2832 197 2838 .
240 2800 369 2852 Atque
402 2804 568 2853 primum
599 2803 755 2854 quidem
786 2804 1061 2854 inquirendum
1091 2808 1151 2843 est
