1868 3121
1631 106 1688 145 19

796 264 799 268 ,
874 220 972 276 ἓ5.

212 293 397 349 nomina
430 292 645 342 eonereta
682 291 876 341 subiecti
910 292 1009 341 loeo
1047 306 1147 340 esse
1181 292 1446 354 plerumque
1482 292 1633 355 posita

785 373 1055 436 (personas).

277 456 489 496 Hominum
539 457 767 505 plerumque
815 456 993 501 nomina,
1040 458 1101 494 vel
1141 457 1301 504 propria
1340 457 1400 493 vel
1442 456 1690 504 appellativa,

163 527 327 567 subiecti
364 527 452 565 loco
491 528 584 575 poni
607 519 734 577 ,eius
772 532 829 565 rei
873 537 992 574 supra
1035 527 1180 565 mentio
1220 524 1327 564 facta
1367 528 1435 563 est.
1513 524 1691 563 Eandem

163 597 305 639 deinde
346 597 387 636 in
427 599 662 638 sententiam
705 597 942 638 adhibentur
984 597 1180 637 adiectiva
1221 596 1424 645 pluraliter
1462 595 1611 645 posita,
1651 599 1693 634 ut

163 669 263 709 Plin.
312 677 455 716 paneg.
502 669 556 706 22
599 669 776 718 parvuli,
801 661 940 718 aegri.
1002 668 1087 707 Liv.
1136 667 1217 717 III,
1259 666 1387 714 65110
1419 667 1591 704 seniores
1622 663 1691 716 (cf.

164 735 231 788 IV,
276 738 357 785 5,9.
396 737 565 788 XXIV,
597 739 708 791 32,2.
743 736 926 792 εΙίαᾳυε)
991 738 1141 778 Eodem
1173 737 1390 786 pertinent:
1442 745 1576 774 omnes
1607 734 1692 775 Liv.

165 808 291 859 XXII,
324 810 450 858 2231
484 820 588 859 saep.
622 811 798 860 plerique
827 811 952 861 XLII,
985 810 1127 860 62,13.
1160 810 1303 859 singuli
1334 809 1399 859 VI,
1433 808 1545 860 24,7.
1578 808 1693 857 pauci

167 878 293 929 xxx,
329 880 437 928 11,6.
502 881 632 930 plures
663 880 712 931 X,
747 883 859 930 19,1.
892 881 1122 929 similiaque.
1523 872 1525 874 ’

280 949 477 998 Persaepe
511 955 641 990 autem
673 952 907 991 substantivi
938 953 1023 991 loco
1055 952 1290 999 pronomina
1321 951 1471 997 scripta
1502 951 1627 988 sums

284 1022 319 1058 1.
354 1021 507 1068 primae
526 1031 734 1070 personae:
767 1033 856 1071 ego
878 1023 1002 1062 Plaut.
1025 1021 1166 1069 Amph.
1193 1021 1315 1060 1112.
1365 1020 1489 1059 Mero.
1510 1020 1561 1069 II,
1584 1021 1691 1071 1,16.

164 1090 255 1129 Ter.
287 1089 411 1131 Andr.
449 1093 545 1131 146.
578 1092 682 1132 Eun.
716 1094 813 1133 410.
845 1093 892 1132 L.
924 1092 1062 1132 Afran.
1094 1104 1128 1131 v.
1155 1093 1248 1130 127.
1285 1092 1409 1130 Lucil.
1442 1090 1589 1140 XXVI,
1622 1091 1691 1130 35.

163 1157 243 1199 Cic.
275 1159 389 1201 Verr.
421 1161 472 1211 II,
504 1163 672 1210 77,188.
733 1163 803 1212 IV,
834 1164 1004 1215 66,149.
1068 1163 1116 1201 ad
1145 1162 1264 1202 Attio.
1300 1161 1350 1211 II,
1376 1163 1439 1201 12.
1502 1161 1598 1201 Hor.
1619 1164 1691 1200 sat.

163 1230 192 1280 I,
223 1231 333 1280 5,31.

281 1312 403 1344 nos:
434 1304 522 1344 Ter.
549 1304 707 1345 Phorm.
733 1306 799 1345 92.
867 1307 976 1345 Varr.
999 1310 1072 1344 sat.
1092 1305 1198 1345 Men.
1230 1306 1308 1344 154
1342 1300 1511 1356 (Riese).
1573 1302 1691 1352 Verg,

165 1373 262 1414 Aen.
295 1374 345 1424 II,
380 1376 476 1416 685.
536 1376 609 1426 111,
642 1379 741 1417 666.
803 1377 898 1418 Hor.
931 1381 1005 1418 sat.
1038 1378 1088 1426 II,
1120 1377 1229 1423 8,58.

284 1445 549 1492 2.·personae
580 1448 796 1489 secundae:
828 1448 902 1487 hoe
935 1458 1150 1497 pronomen
1182 1448 1222 1486 in
1255 1446 1544 1486 construetione
1563 1442 1693 1483 infini-

163 1514 234 1551 tivi
264 1514 440 1554 historici
472 1528 669 1565 nunquam
700 1520 805 1567 apud
836 1521 1047 1566 soriptores
1078 1519 1248 1556 melioris
1277 1518 1418 1556 aetatis
1437 1547 1446 1565 ,
1495 1515 1563 1553 sed
1590 1513 1694 1561 apud

164 1588 401 1632 posteriores
433 1588 586 1627 demum
622 1590 838 1639 invenitur;
868 1594 907 1628 et
938 1601 986 1628 ne
1019 1590 1156 1628 horum
1189 1589 1345 1638 quidem
1377 1588 1444 1626 alii
1477 1588 1552 1626 nisi
1578 1585 1692 1625 Glau-

165 1655 305 1695 dianus
336 1661 376 1695 et
405 1657 602 1698 Ausonius
633 1661 674 1699 id
706 1661 781 1699 sibi
813 1664 981 1710 sumunt,
1013 1661 1164 1699 inducti
1195 1660 1362 1699 fortasse
1393 1660 1554 1708 proprio
1584 1658 1693 1697 Cice-

164 1727 272 1765 ronis
314 1738 397 1767 usu.
473 1728 590 1778 Apud
635 1741 723 1769 eum
766 1722 868 1770 enim
910 1729 1007 1781 ‘iste’
1050 1742 1264 1781 pronomen
1312 1731 1467 1779 saepius
1509 1727 1694 1767 infinitivi

163 1796 341 1837 historici
381 1800 596 1839 subiectum
634 1805 714 1852 est,
755 1803 917 1841 eandem
959 1803 999 1839 in
1032 1803 1266 1841 sententiam
1298 1801 1538 1851 adhibitum,
1577 1804 1694 1848 atque

163 1868 230 1914 ‘tu'
268 1878 484 1918 pronomen
518 1871 765 1921 (saepissime
796 1874 836 1911 in
868 1873 1111 1911 orationibus
1144 1869 1368 1924 Verrinis):
1410 1881 1445 1909 ν.
1479 1871 1589 1911 Verr.
1622 1872 1692 1924 111,

166 1937 306 1987 25,61.
367 1940 436 1993 IV,
469 1942 610 1989 27163.
645 1944 785 1995 34,75.
846 1945 886 1982 in
918 1943 1050 1982 Pison.
1085 1943 1222 1991 2859.

280 2008 457 2061 Utroque
488 2017 617 2052 autem
647 2014 746 2066 loeo,
778 2014 843 2053 ubi
876 2015 1047 2055 secunda
1080 2025 1247 2064 persona
1277 2014 1333 2052 ita
1348 2012 1571 2064 adhibetur,
1603 2022 1693 2060 pro—

165 2089 304 2117 nomen
338 2074 417 2134 (tu)
449 2085 669 2139 omittitur,
700 2085 773 2124 hoc
793 2090 998 2133 praeterea
1018 2084 1407 2125 animadvertendum
1430 2087 1500 2135 est,
1532 2086 1572 2121 et
1590 2083 1693 2131 apud

164 2149 423 2192 Claudianum
455 2158 494 2192 et
524 2155 629 2203 apud
659 2153 873 2194 Ausonium
906 2161 1102 2195 mortuum
1132 2156 1193 2194 vel
1226 2157 1365 2194 saltem
1386 2154 1586 2193 absentem
1605 2165 1691 2192 eum

164 2222 342 2272 eogitari,
375 2234 489 2272 quem
519 2229 637 2273 poeta
668 2226 903 2275 adloquitur.
968 2226 1165 2274 Scriptum
1196 2227 1301 2264 enim
1331 2228 1391 2263 est
1420 2225 1460 2262 in
1486 2222 1692 2263 Claudiani

160 2280 276 2330 laude
320 2295 488 2334 Serenae
535 2300 586 2342 (v,
633 2297 715 2334 222
763 2296 889 2347 sqq.):
942 2318 1005 2345 ⁶—
1050 2297 1215 2336 iuberes.
1294 2295 1396 2344 ,Non
1438 2295 1503 2333 illo
1548 2294 1692 2333 nitidos

163 2373 332 2412 unquam
364 2366 534 2406 bellante
566 2356 732 2415 capillos
764 2378 941 2407 comere:
984 2379 1059 2406 non
1094 2368 1227 2406 solitos
1266 2376 1507 2414 gemmarum
1539 2376 1692 2404 sumere

163 2434 312 2474 cultus?
344 2437 444 2474 alter
474 2437 581 2474 loeus
613 2439 672 2474 est
702 2438 805 2484 apud
837 2438 1051 2474 Ausonium
1084 2438 1123 2473 in
1155 2437 1255 2474 laud.
1294 2434 1393 2482 prof.
1426 2435 1498 2485 111,
1522 2435 1545 2472 9
1580 2445 1691 2483 sqq.:

164 2524 214 2531 -
250 2507 417 2557 ‘genitor
447 2508 622 2555 paenitet
651 2510 694 2544 ut
724 2506 855 2546 fueris.
889 2509 1009 2545 comis
1041 2508 1225 2557 convivis,
1259 2516 1455 2554 nunquam
1477 2505 1692 2544 inclamare

163 2574 351 2627 clientes,
399 2587 595 2626 nunquam
636 2577 766 2614 tristia
798 2577 917 2615 verba
946 2577 1065 2625 loqui.
1112 2580 1153 2612 ut
1184 2575 1359 2622 placidos
1390 2585 1542 2624 mores,
1584 2579 1693 2613 tran-

161 2643 303 2691 quillos
334 2646 389 2685 sie
421 2650 504 2687 cole
536 2645 692 2687 manes!
755 2647 904 2686 Eodem
936 2645 1103 2685 fortasse
1132 2645 1303 2694 pertinet
1334 2644 1435 2683 alter
1458 2644 1566 2684 loeus
1589 2646 1694 2695 apud

162 2711 397 2767 Ausonium,
445 2718 486 2755 in
526 2720 626 2765 grat.
672 2722 747 2756 act.
790 2719 864 2766 23;
903 2717 979 2754 nisi
1022 2726 1113 2753 vero
1145 2725 1190 2753 ex
1224 2714 1343 2753 verbo
1376 2711 1531 2765 ‘audivi’
1563 2718 1695 2756 omnia

163 2782 334 2829 pendere
365 2795 478 2835 posse
510 2787 729 2828 arbitraris
