1868 3121
158 230 515 289 ἀπαρέμφοπος,
544 247 569 276 a
587 236 745 277 ,Stoicis
773 232 1079 287 γενικώτατον
1109 228 1245 292 ῥῆμα,
1287 246 1453 288 quorum
1484 247 1531 278 ex
1562 236 1696 285 priore

158 308 316 349 nomine
346 307 514 349 latinum
541 305 726 354 infinitivi
758 307 991 348 vocabulum
1030 311 1164 350 natum
1194 311 1265 361 est.
1325 306 1523 351 Infinitive
1561 309 1693 350 autem

155 379 344 428 temporis
383 379 625 428 praesentis,
666 379 734 428 qui
761 389 842 417 non
872 380 970 419 satis
1000 379 1098 419 bene
1128 382 1309 422 vocatur.
1340 399 1398 408 ——-
1428 378 1551 419 ceteri
1589 378 1694 419 enim

156 449 209 489 ad
239 449 343 489 hanc
374 450 645 498 quaestionem
673 459 751 488 non
782 449 998 500 pertinent,
1028 470 1072 477 —-
1111 459 1194 491 rem
1225 450 1288 491 vel
1317 450 1511 493 actionem
1534 460 1694 491 manere

153 520 276 561 etiam
306 509 435 570 neque
465 517 683 568 perfectam
713 528 798 558 esse
827 519 1030 560 indicatur
1057 515 1116 572 (v.
1147 519 1279 568 Neue,
1307 517 1489 560 forment.
1521 518 1592 561 der
1622 519 1691 561 lat.

152 603 235 641 spr.
266 592 319 641 ΙΙ,
350 601 388 640 p.
423 587 542 642 351).
602 590 735 640 Atque
777 591 871 631 inde
909 592 1219 638 demonstratur,
1268 601 1374 640 quae
1416 592 1469 631 sit
1507 589 1692 633 infinitivi

152 663 331 703 historici
373 663 446 702 νὴ.
515 661 619 701 Nam
669 661 839 710 primum
875 660 951 721 hoe
989 660 1248 706 reiciendum,
1274 664 1355 709 est,
1401 660 1507 710 quod
1544 660 1692 711 dicunt,

152 744 253 784 quae
294 731 489 773 infinitivo
529 732 720 773 historico
755 736 985 782 narrentur,
1030 733 1156 785 ,quasi
1186 733 1228 772 in
1259 742 1446 782 praesens
1475 730 1689 783 legentium

151 809 316 854 tempus
336 802 534 853 proferri?
596 803 715 844 Cuius
746 805 956 853 opinionis
973 814 1092 844 causa
1121 802 1197 843 fuit
1226 803 1336 854 haec,
1367 802 1475 853 quod
1505 801 1605 843 falso
1622 801 1689 844 hie

149 874 366 914 infinitivus
396 875 596 923 praesenti
638 876 807 924 tempori
837 875 1036 926 tribuitur,
1047 873 1080 923 3)
1110 886 1200 914 cum
1229 878 1381 914 certum
1396 878 1550 924 tempus
1562 875 1687 913 omni-

149 957 201 985 no
231 957 311 985 non
342 943 549 994 significet.
612 945 674 984 Ea
705 945 809 984 enim
840 956 883 985 re
915 945 1047 986 differt
1077 957 1102 985 a
1132 949 1339 994 praesente
1369 945 1574 994 historico,
1604 953 1683 993 quo

149 1027 214 1056 res
244 1019 381 1065 gest-ae
411 1016 486 1064 eis,
528 1016 595 1064 qui
626 1015 782 1065 legunt,
813 1016 892 1055 alia
921 1027 970 1056 ex
1000 1016 1080 1056 alia
1109 1021 1202 1056 ante
1233 1016 1365 1056 oeulos
1395 1018 1683 1065 proponuntur,

149 1087 255 1125 velut
284 1086 319 1125 si
351 1085 489 1125 eodem
516 1087 708 1134 temporis
738 1090 935 1125 momento
966 1086 1016 1125 ab
1047 1087 1146 1134 ipsis
1182 1086 1484 1135 conspiciantur.
1547 1086 1683 1134 Neque

148 1166 241 1195 vero
272 1156 403 1204 magis
433 1155 648 1204 respondet
677 1155 854 1205 perfecto
885 1156 1074 1198 historice
1102 1156 1283 1205 (aon-isto,
1314 1160 1357 1195 ut
1387 1157 1445 1196 ita
1476 1155 1682 1205 dicamus),-

145 1236 223 1275 quo
253 1225 352 1265 nihil
381 1227 627 1276 exprimitur,
659 1227 735 1266 nisi
758 1217 886 1267 ‘tuisse
911 1230 1084 1277 tempus,
1111 1230 1200 1266 cum
1229 1237 1290 1277 ea,
1321 1237 1421 1276 quae
1451 1228 1682 1277 narrantur,

144 1296 296 1337 fierent.
357 1296 436 1336 Sed
475 1308 524 1336 ne
555 1297 597 1337 id
628 1297 798 1349 quidem,
829 1298 935 1347 quod
965 1296 1194 1347 imperfecto
1225 1297 1434 1347 indicatur,
1465 1295 1682 1336 infinitivus

145 1367 357 1406 historicus
389 1371 521 1415 potest
552 1367 787 1418 significare,
820 1380 911 1408 nam
942 1380 1012 1407 cur
1043 1371 1083 1407 et
1113 1368 1189 1408 hoc
1215 1371 1255 1407 et
1270 1368 1339 1407 illo
1355 1377 1499 1416 genere
1522 1362 1680 1406 dicendi

144 1438 360 1486 scriptores
409 1439 651 1478 arbitramur
698 1450 789 1478 usos
814 1471 816 1474 .
839 1449 924 1478 esse
939 1466 949 1485 ,
992 1442 1036 1478 ut
1078 1439 1194 1487 plane
1237 1438 1342 1477 idem
1385 1436 1679 1486 exprimerent?

142 1509 320 1549 Fuerunt
351 1520 458 1557 sane,
489 1511 557 1558 qui
586 1509 872 1549 contenderent
901 1520 973 1558 per
992 1510 1199 1558 enallagen
1214 1513 1279 1548 vet
1298 1509 1547 1548 antimeriam
1567 1519 1678 1547 usum

140 1579 326 1619 infinitivi
358 1580 537 1620 historici
567 1579 845 1629 explicandum
874 1590 961 1619 esse
991 1589 1117 1629 neque
1148 1579 1229 1619 ulla
1258 1580 1340 1619 alia
1370 1590 1418 1618 ex
1449 1590 1568 1618 causa
1588 1589 1676 1617 eum

142 1650 362 1691 adhibitum
377 1681 387 1697 ,
434 1651 511 1690 nisi
554 1654 598 1690 ut
640 1652 860 1691 variaretur
891 1651 1018 1696 oratio
1051 1655 1091 1696 et
1121 1651 1440 1699 distingueretur,
1501 1650 1556 1689 At
1588 1660 1675 1688 cum

141 1720 320 1761 omnibus
362 1732 410 1760 ex
439 1720 585 1771 linguis
616 1722 793 1773 exempla
820 1720 1002 1772 'proferre
1032 1722 1169 1771 liceat,
1210 1720 1351 1771 quibus
1381 1708 1674 1769 demonstratur

141 1793 200 1830 vel
235 1792 400 1831 duorum
432 1792 660 1843 verborum,
703 1803 804 1843 quae
834 1794 875 1832 iu
906 1793 1071 1846 eandem
1102 1794 1336 1832 sententiam
1367 1792 1555 1850 paulatim
1586 1803 1672 1832 coe·

141 1865 291 1911 pissent
322 1865 507 1912 transire,
536 1865 703 1904 alterum
736 1865 919 1904 celeriter
946 1864 1142 1905 oblivione
1173 1863 1355 1904 obrutum
1373 1875 1469 1914 esse,
1500 1864 1567 1913 qui
1586 1862 1672 1903 fieri

138 1933 291 1983 potuit,
331 1937 398 1983 ut,
440 1935 474 1973 si
516 1935 621 1974 inter
663 1934 899 1975 infinitivum
942 1936 1171 1976 historicum
1202 1939 1242 1975 et
1271 1933 1543 1985 imperfectum
1573 1935 1671 1974 nihil

137 2009 276 2043 revera
306 2005 511 2055 intererat,
541 2009 749 2056 utrumque
779 2010 911 2046 tamen
942 2017 1014 2056 per
1039 2008 1256 2058 compluria
1275 2007 1430 2046 saecula
1443 2006 1669 2055 promiscue

137 2073 422 2113 adhiberetur?
484 2071 594 2126 Ergo
632 2077 798 2116 alterum
838 2078 889 2117 ab
919 2079 1045 2118 altero
1085 2079 1320 2121 disiunctum
1350 2076 1470 2117 fuisse
1501 2080 1667 2116 constat.

137 2142 249 2190 Quod
281 2147 323 2181 ut
354 2145 481 2195 magis
511 2150 727 2196 appareat,
771 2159 848 2189 non
880 2149 1018 2189 inutile
1048 2148 1223 2197 videtur,
1262 2148 1479 2198 exemplum
1510 2147 1669 2197 aliquod

136 2213 326 2262 proferre.
389 2216 587 2267 Scriptum
619 2221 751 2259 autem
782 2223 841 2259 est
871 2220 1040 2270 exempli
1072 2231 1191 2260 causa
1220 2220 1325 2271 apud
1356 2220 1511 2261 Livium
1539 2219 1667 2273 (XXI,

136 2285 205 2335 58,
224 2283 271 2339 5)
303 2290 398 2335 ‘tum
429 2299 527 2328 vero
557 2291 710 2340 ingenti
741 2302 837 2331 sono
869 2293 1019 2332 caelum
1050 2296 1226 2343 strepere
1256 2296 1299 2332 et
1328 2294 1433 2334 inter
1448 2292 1666 2333 horrendos

133 2353 311 2404 fragores
343 2358 490 2398 micare
520 2360 656 2409 ignes:
688 2362 795 2410 capti
829 2361 990 2403 auribus
1020 2367 1060 2403 et
1090 2364 1214 2403 oculis
1245 2373 1380 2403 omnes
1409 2362 1594 2412 torpere!

252 2427 317 2466 An
348 2431 390 2467 tu
422 2433 549 2479 putas,
580 2434 709 2470 utrum
742 2432 888 2472 dixerit
919 2434 1101 2484 scriptor,
1133 2437 1308 2483 strepere
1344 2456 1395 2461 —
1429 2435 1576 2474 micare
1607 2455 1664 2462 --

132 2500 292 2545 torpere
307 2528 317 2548 ,
362 2509 413 2537 an
445 2500 648 2549 strepebat
692 2524 745 2531 —
777 2503 979 2543 micabant
1009 2525 1066 2531 —
1098 2504 1331 2555 torpebant,
1374 2504 1474 2544 nihil
1503 2514 1664 2554 prorsus

133 2566 312 2607 referre?
374 2568 653 2619 Cognoscimus
686 2573 802 2625 enim,
834 2573 1055 2614 orationem
1085 2573 1291 2615 infinitivis
1321 2575 1509 2616 adhibitis
1540 2575 1662 2614 multo

131 2639 426 2680 commotiorem
465 2641 773 2693 alacrioremque
814 2643 912 2685 fieri.
978 2646 1081 2687 Nam
1119 2657 1207 2686 cum
1239 2657 1317 2686 non
1348 2647 1444 2687 satis
1474 2646 1663 2695 temporis

137 2786 174 2830 3)
201 2800 234 2823 v.
260 2788 348 2833 cap.
375 2791 444 2824 111.
470 2793 489 2833 ξ
519 2782 572 2826 10.
