1868 3121
788 740 1065 827 VITA.

272 980 401 1020 Natus
433 990 518 1020 sum
550 979 747 1020 Gustavus
772 979 938 1020 Adolfus
956 979 1001 1019 M
1016 990 1039 1019 o
1053 979 1079 1018 h
1091 991 1112 1018 r
1130 979 1189 1018 Id.
1206 978 1323 1019 Febr.
1344 990 1379 1019 a.
1402 977 1695 1022 MDCCCLVII

153 1050 380 1090 Stendaliae
410 1053 523 1100 patre
537 1050 781 1103 Hermanno,
814 1051 1025 1091 secretario
1040 1049 1327 1090 commissionis
1339 1049 1535 1099 generalis
1547 1050 1693 1104 regiae,

152 1125 280 1161 matre
310 1121 498 1162 Carolina
528 1132 550 1162 e
579 1125 697 1172 gente
728 1122 803 1162 Mo
815 1122 962 1162 ehrin
980 1133 1028 1171 g,
1072 1132 1166 1170 quos
1205 1120 1335 1160 adhuc
1367 1121 1498 1160 vivere
1528 1120 1691 1170 gaudeo-

150 1191 265 1232 Fidei
310 1193 507 1241 ascriptus
549 1204 633 1232 sum
677 1193 942 1242 evangelicae.
1003 1192 1229 1231 Literarum
1260 1191 1493 1231 rudimentis
1523 1191 1693 1232 imbutus

151 1273 236 1303 sum
266 1264 308 1302 in
340 1263 433 1303 ludo
465 1264 635 1313 quodam
666 1265 832 1312 privato.
897 1263 1049 1303 Deinde
1083 1274 1170 1302 cum
1201 1265 1315 1311 pater
1344 1273 1380 1302 a.
1402 1259 1693 1302 MDCCCLXV

150 1332 472 1382 Merseburgium
513 1333 859 1385 transmigrasset,
901 1333 1148 1383 gymnasium
1180 1332 1284 1371 illius
1314 1331 1423 1371 urbis
1452 1342 1524 1381 per
1553 1343 1693 1371 novem

150 1414 275 1443 annos
305 1402 564 1453 frequentavi,
596 1404 701 1443 unde
732 1415 823 1444 vere
854 1405 949 1444 anni
971 1401 1303 1444 MDCCGLXXV
1325 1403 1551 1452 testimonio
1566 1407 1692 1442 matu-

151 1475 282 1514 ritatis
313 1475 529 1531 instructus
545 1475 670 1515 Halas
702 1485 763 1515 me
783 1476 944 1526 contuli,
976 1479 1019 1515 ut
1038 1474 1277 1524 philologiae
1300 1473 1440 1514 studiis
1461 1484 1522 1513 me
1542 1473 1691 1514 darem·

148 1545 295 1584 Audivi
335 1546 490 1587 scholas
534 1546 960 1597 Dittenbergeri‚
1013 1546 1153 1596 Droy
1167 1546 1303 1597 seni,
1361 1544 1689 1592 Duemmleri,

147 1617 447 1665 Erdmanni‚
469 1617 700 1668 Haymii,
721 1618 949 1667 Hilleri‚
968 1617 1152 1666 Keilii,
1171 1617 1427 1665 Krameri,
1447 1615 1689 1666 Zacheri,

148 1697 220 1736 per
250 1687 329 1726 tria
360 1688 566 1727 semestria
597 1688 743 1728 soladis
756 1687 814 1727 fui
834 1688 1036 1727 seminarii
1051 1687 1293 1736 philologici.
1356 1685 1545 1726 Omnibus
1559 1689 1689 1728 autem

147 1759 226 1797 illis
257 1758 352 1797 viris
386 1758 640 1809 clarissimis,
689 1760 754 1808 qui
786 1759 926 1799 studiis
957 1759 1054 1797 meis
1085 1756 1365 1806 praefuerunt,
1397 1757 1567 1805 gratiam
1597 1768 1689 1805 pro-

148 1827 262 1868 fiteor
294 1839 409 1878 quam
440 1829 661 1869 maximam.
699 1850 748 1856 —
