1868 3121
143 151 259 191 30-

143 268 239 318 gall.
268 267 304 317 I,
336 269 404 309 16.
437 268 507 311 32.
540 268 592 320 Π,
624 265 693 310 30.
726 263 798 319 111,
830 270 870 311 4.
904 270 951 320 V,
987 270 1055 319 65>
1095 266 1152 323 (v.
1183 269 1351 311 Kraner.
1382 270 1446 311 ed.
1477 269 1529 311 ad
1560 271 1600 313 h.
1631 271 1679 328 l.)

143 338 191 387 V,
223 338 287 377 33.
323 338 415 380 bell.
448 340 522 380 civ.
554 337 586 388 I,
620 340 688 380 64.
720 338 774 388 II,
806 341 873 381 20.
906 341 979 388 IH,
1016 342 1080 380 12.
1118 342 1182 381 17.

261 408 336 457 Qui
365 409 471 459 libri¹
490 405 626 451 Hirtio
658 410 896 460 tribuuntur,
930 410 1017 451 bell.
1050 411 1144 459 gall.
1162 410 1258 450 VIII
1289 414 1330 450 et
1360 411 1449 451 bell.
1465 410 1679 455 Alexandr.

146 479 305 518 omnino
337 490 416 519 non
445 479 640 528 praebent
670 478 884 520 infinitivos
915 480 1125 519 historicos
1164 477 1237 533 (cf.
1270 481 1463 530 Nipperd.
1495 481 1559 521 ed.
1590 484 1681 525 mai.

153 550 277 589 1847.
311 559 349 598 p.
386 549 438 588 15
471 545 593 601 sqq).
634 569 690 576 —
733 552 872 589 auctor
902 549 991 591 bell.
1023 550 1123 599 hisp.
1155 546 1210 603 (v.
1244 551 1433 601 Nipperd.
1465 551 1489 590 1.
1524 547 1599 604 1.):
1644 556 1681 595 1.

149 619 217 659 29.
250 619 319 659 33.
353 640 403 647 --
438 622 616 669 saepius,
649 630 698 658 ne
730 620 858 659 dicam
890 629 1010 668 supra
1040 621 1199 659 modum
1229 620 1443 660 infinitivos
1473 621 1681 663 historicos

147 689 325 730 videmus
356 689 555 730 adhibitos
586 689 637 730 ab
668 693 828 731 auctore
860 689 950 730 belli
976 689 1180 733 Africani:
1217 692 1295 740 1,3.
1333 692 1415 741 6,6.
1451 693 1532 741 7,4.
1567 694 1681 747 12,2;

150 761 323 800 omnium
353 761 534 810 denique,
562 770 660 810 quos
691 762 932 810 collegimus,
965 773 1115 801 summa
1145 761 1251 802 facta
1282 764 1487 811 sexaginta
1514 765 1680 813 amplius

148 831 364 872 infinitivos
394 832 606 872 historicos
636 832 710 871 hoc
740 832 782 871 in
811 832 995 881 opusculo
1027 833 1257 874 invenimus.
1287 854 1342 861 —

269 902 396 942 Semel
435 913 514 941 uno
557 902 752 944 infinitivo
782 899 1008 946 cornelius
1041 898 1186 955 Nepos
1217 914 1263 943 ea
1292 905 1333 943 in
1364 908 1477 953 parte
1507 914 1683 955 operum,

149 983 249 1023 quae
281 973 394 1013 nobis
424 976 581 1014 servata
604 978 686 1024 est,
718 987 809 1014 usus
828 975 1001 1025 videtur3
1034 974 1162 1014 Alcib.
1185 974 1273 1022 6,3:
1306 975 1383 1027 ‘ille
1398 975 1608 1014 lacrimans
1630 998 1681 1005 —

149 1044 387 1094 accipiebat3
425 1045 625 1084 reminisci
665 1046 822 1094 pristini
852 1046 1041 1093 temporis
1072 1045 1359 1095 acerbitatem’;
1391 1046 1459 1084 ubi
1490 1046 1681 1096 plerique,

151 1117 191 1154 ni
223 1114 359 1163 fallor,
400 1115 573 1154 editores
605 1127 651 1154 ex
684 1115 944 1155 deterioribus
976 1116 1088 1156 libris
1118 1119 1373 1165 receperuntz
1415 1116 1681 1165 reminiscens,

153 1187 218 1235 qui
249 1188 384 1224 tamen
414 1197 506 1224 num
539 1187 725 1234 sequendi
758 1187 851 1233 sint,
884 1186 1119 1227 dubitamus.
1182 1188 1284 1226 Nam
1318 1196 1549 1234 quamquam
1574 1197 1682 1224 usum

150 1255 317 1303 Nepotis
333 1254 493 1295 obstare
510 1256 713 1295 contendit
733 1256 866 1305 Lupus
897 1254 1173 1310 (sprachgebr.
1206 1257 1274 1296 des
1293 1255 1409 1296 Corn.
1433 1255 1531 1304 Nep.
1558 1256 1681 1297 1876.

150 1336 188 1373 p.
225 1325 349 1374 174),
379 1328 511 1365 tamen
542 1330 581 1365 et
612 1327 688 1366 loci
720 1328 940 1376 sententia,
971 1339 1059 1366 cum
1088 1329 1167 1367 vim
1198 1333 1317 1376 atque
1348 1327 1522 1366 dolorem
1552 1337 1682 1366 recor-

152 1396 323 1436 dationis
353 1397 500 1444 optime
533 1396 606 1436 hoc
639 1397 754 1436 modo
785 1408 809 1436 a
841 1398 1037 1446 scriptore
1058 1398 1247 1437 illustrari
1268 1401 1462 1447 putemus,
1492 1399 1531 1435 et
1549 1396 1682 1436 melio-

151 1478 238 1504 rum
271 1466 449 1505 codicum
481 1468 718 1506 auctoritate
749 1466 864 1505 facile
895 1478 1107 1514 movemur,
1140 1470 1183 1504 ut
1200 1466 1435 1504 infinitivum
1452 1466 1680 1504 historicum

152 1537 297 1584 Nepoti
328 1535 556 1576 tribuamus.

271 1605 451 1644 Omnium
481 1609 613 1644 autem
644 1606 870 1653 saepissime
901 1617 973 1654 pro
1000 1616 1173 1654 operum,
1207 1617 1305 1654 quae
1334 1608 1496 1653 restant,
1528 1605 1680 1653 magni-

153 1675 289 1715 tudine
327 1674 532 1715 infinitivis
574 1676 773 1715 historicis
811 1677 936 1715 utitur
974 1671 1221 1718 Sallustius.
1296 1676 1387 1716 Jam
1425 1686 1512 1715 cum
1547 1684 1680 1715 omnes

154 1757 385 1787 enumerare
416 1747 576 1796 longum
607 1748 659 1785 sit
671 1744 735 1799 ⁹),
775 1757 841 1787 eos
873 1750 1025 1786 tantum
1056 1747 1162 1785 locos
1193 1744 1461 1797 proferamus,
1493 1745 1558 1785 ubi
1590 1755 1681 1784 con-

154 1817 319 1856 suetudo
349 1815 553 1856 infinitivis
583 1817 781 1873 historicis
812 1815 1075 1865 significatur:
1107 1813 1192 1855 Cat.
1228 1818 1292 1855 12.
1330 1816 1394 1856 13.
1432 1817 1495 1855 14.
1528 1815 1582 1855 25
1615 1811 1682 1868 (de

155 1888 314 1935 ingenio
346 1890 386 1926 et
417 1884 592 1925 moribus
625 1883 911 1937 Semproniae).
964 1887 1055 1934 Jug.
1090 1888 1114 1924 6
1160 1883 1229 1937 (de
1260 1883 1486 1938 Jugurtha).
1528 1887 1596 1926 44.
1629 1885 1683 1924 45

156 1958 226 2007 (de
257 1954 454 2007 Metello).
518 1958 572 1996 95
618 1953 688 2010 (de
719 1956 849 1996 Sullae
881 1954 1069 2007 ingenio).
1135 1956 1189 1996 96
1223 1951 1292 2009 (de
1322 1955 1478 2007 eodem3
1510 1959 1681 1997 ceterum

157 2041 191 2069 v.
224 2040 309 2077 cap.
343 2029 382 2067 II
413 2031 540 2076 extr.).
578 2050 631 2055 -—

276 2099 464 2146 Venimus
495 2099 546 2139 ad
578 2093 824 2152 Vergilium,
862 2098 928 2147 qui
959 2108 1076 2146 saepe
1106 2108 1173 2137 eos
1204 2097 1377 2137 adhibet.
1428 2094 1481 2144 X,
1511 2096 1596 2136 458
1628 2096 1685 2134 ire

158 2172 268 2219 prior
298 2171 449 2219 Pallas,
491 2171 524 2208 si
568 2181 645 2219 qua
683 2169 765 2208 fors
796 2169 954 2208 adiuvet
985 2180 1122 2208 ausum
1154 2168 1302 2207 viribus
1333 2167 1570 2216 imparibus3
1612 2175 1686 2215 quo

158 2243 246 2281 loco
276 2241 481 2290 Madvigio
526 2237 687 2293 (advers
742 2240 828 2279 crit.
862 2239 922 2288 11,
961 2250 998 2288 p.
1032 2235 1109 2291 43)
1151 2238 1250 2278 adeo
1281 2249 1359 2278 non
1392 2241 1506 2286 aptus
1537 2236 1689 2277 videtur

159 2312 375 2354 infinitivus
407 2312 632 2359 historicus,
663 2314 707 2349 ut
737 2310 902 2349 scribat:

280 2383 349 2435 ⁴ire
379 2383 491 2432 prior
523 2381 670 2430 PallaS‚
700 2382 734 2419 si
766 2392 842 2430 qua
873 2379 955 2419 fors
987 2381 1157 2430 adiuvet,
1185 2375 1313 2420 ausus’
1344 2389 1425 2429 sqq.
1472 2377 1527 2417 At
1558 2386 1690 2427 quam-

160 2456 219 2493 vis
256 2453 391 2494 facilis
429 2453 527 2493 haec
571 2453 794 2492 emendatio
834 2453 910 2496 sit,
951 2456 1083 2491 tamen
1115 2450 1331 2490 infinitivus
1361 2450 1571 2489 historicus
1602 2449 1692 2494 apte

161 2524 274 2564 nobis
305 2523 507 2563 adhibitus
538 2522 693 2561 videtur
725 2523 774 2561 de
806 2523 844 2560 vi
876 2525 916 2560 et
946 2523 1107 2571 impetu,
1140 2531 1305 2570 quocum
1342 2520 1472 2558 Pallas
1503 2515 1692 2567 procedit.

161 2594 491 2635 Consuetudinem
523 2592 748 2641 significant
767 2592 952 2631 infinitivi
974 2593 1174 2631 historici:
1207 2591 1307 2630 Aen.
1327 2591 1377 2639 ΙΙ,
1400 2591 1465 2629 97,
1504 2589 1576 2634 111,
1601 2587 1692 2624 141.

160 2664 229 2714 IV,
248 2665 347 2704 422.
380 2664 482 2704 460.
515 2662 605 2712 VII,
630 2664 691 2703 15.
755 2662 921 2715 (Georg.
947 2663 978 2712 I,
1013 2663 1108 2703 200.
1141 2662 1272 2702 omnia
1303 2661 1477 2710 pendent
1507 2669 1554 2698 ex
1574 2654 1694 2696 verbo

201 2816 235 2860 9)
263 2825 382 2849 omnes
407 2814 555 2858 collegit
579 2814 695 2854 Laws,
722 2822 774 2856 pr.
798 2811 932 2845 Rossel.
963 2815 1060 2846 1864.
