1868 3121
1610 112 1666 159 23

257 231 399 285 Neque⁴
423 233 543 271 multo
574 233 729 280 saepius
759 233 833 272 hoc
863 232 1024 272 adhibet
1050 233 1209 285 Livius,
1252 233 1302 273 cf.
1333 234 1392 284 H,
1426 235 1535 281 233.
1597 233 1665 284 IX,

143 303 249 348 12,1.
315 299 416 349 XXI,
447 303 560 351 5‚3,1.
625 300 757 350 XXII,
788 303 899 347 30,8.
961 302 1105 353 XLIII,
1143 305 1279 355 16,10.
1342 305 1452 352 (nam
1484 304 1550 353 VI,
1584 306 1669 356 3,9,

137 370 349 419 XXXVII,
407 373 506 421 2Ο,8
562 372 726 419 aliisque
775 372 871 410 locis
912 373 1131 411 enuntiatio
1173 374 1339 412 relativa
1379 384 1452 421 pro
1491 374 1667 413 subiecto

139 425 326 483 habenda
360 444 518 492 est;÷V.
563 441 705 488 Appul.
748 439 832 479 flor.
873 440 955 485 111,
1006 438 1162 492 16,65).
1225 443 1317 481 Alia
1347 446 1437 481 sunt
1467 445 1670 492 exempla:

141 510 237 549 Hor.
270 514 341 550 sat.
376 511 407 557 1,
443 511 511 561 9,9
544 514 585 547 et
616 511 684 548 66.
747 508 857 548 Caes.
890 509 927 549 b.
961 511 1053 557 gall.
1085 511 1146 560 II,
1178 512 1246 551 30.
1308 512 1415 551 Curt.
1448 512 1553 562 VIII,
1587 514 1667 559 2,5.

140 579 238 620 Stat.
271 580 393 619 Theb.
426 579 477 626 V·,
508 579 575 619 40.
641 579 708 619 Sil.
741 579 789 619 It.
822 579 891 627 VI,
925 580 1024 620 335.
1084 580 1230 628 Appul.
1249 580 1345 619 Met.
1362 579 1436 629 IX,
1452 584 1518 623 30.
1581 584 1669 623 Val.

139 650 201 689 Fl.
239 650 307 698 IV,
346 651 425 699 423
465 651 619 698 saepius
664 650 768 697 apud
810 650 1056 689 Ciceronem:
1097 662 1169 698 pro
1210 651 1324 690 Rosc.
1370 652 1458 693 Am.
1499 654 1668 704 38,110.

140 721 251 760 Verr.
282 720 340 768 ΙΙ,
380 721 489 769 4,12.
535 720 671 768 3892.
713 720 884 766 5‡,135.
946 719 1014 769 IV,
1060 721 1196 768 1839.
1240 722 1375 769 29,66.
1442 722 1487 772 V,
1531 724 1669 772 24,61.

140 788 369 838 saepissime
400 792 504 838 apud
535 791 760 830 Sallustium
792 790 875 829 Cat.
912 793 978 829 12.
1016 792 1079 830 17.
1115 792 1183 829 21.
1218 793 1285 831 24.
1312 794 1380 832 27.
1405 794 1472 832 31.
1491 795 1543 832 51
1565 794 1614 833 al.
1632 795 1670 842 l.,

140 862 407 911 imprimisque
438 861 542 910 apud
574 862 779 907 Tacitum,
823 862 888 910 qui
919 861 1048 900 studio
1081 862 1248 910 quodam
1279 866 1320 902 et
1349 867 1547 913 tamquam
1580 876 1671 904 con-

141 933 227 970 silio
260 931 333 971 hoc
364 932 590 970 adhibuisse
623 930 790 971 videtur.
852 942 886 970 v.
920 931 1010 971 hist.
1031 932 1062 980 I,
1083 933 1148 972 36.
1183 933 1249 971 85.
1315 934 1361 982 II,
1398 936 1464 973 12.
1501 935 1566 974 22.
1601 936 1669 975 30.

140 1004 209 1043 42.
242 1002 311 1041 46.
375 1002 454 1050 111,
491 1002 553 1042 18.
615 1001 683 1049 IV,
718 1003 752 1039 1.
798 1002 863 1040 16.
910 1002 975 1041 29.
1016 1002 1084 1040 46.
1114 1003 1182 1041 80.
1245 1002 1291 1052 V,
1324 1004 1349 1042 5
1381 1005 1545 1054 aliisque
1575 1006 1671 1045 locis

140 1075 354 1123 permultis.
445 1072 596 1119 Eodem
635 1069 766 1111 autem·
805 1071 921 1110 modo
965 1072 1161 1111 interdum
1207 1078 1388 1113 neutrum
1427 1060 1670 1123 pronominis

140 1141 467 1187 omittitur:.Cic.
502 1142 620 1184 Verr.
653 1141 721 1190 IV,
751 1142 876 1190 19,40
909 1143 1037 1191 primo
1069 1144 1210 1183 mirum
1243 1145 1380 1197 videri,
1413 1145 1554 1186 deinde
1585 1156 1670 1187 esse

142 1217 404 1264 perspicuum.
465 1214 519 1253 ib.
552 1214 679 1265 29,θὸ
713 1213 853 1251 mirum
886 1213 1025 1252 videri.

260 1286 427 1325 Omnino
458 1285 635 1326 absolute
666 1284 787 1332 positi
819 1287 908 1322 sunt
939 1284 982 1322 hi
1006 1283 1213 1325 infinitivi:
1246 1285 1527 1328 dubitari-Liv.
1545 1287 1669 1338 XLII,

143 1358 286 1404 67,11,
350 1356 445 1393 nulli
490 1357 598 1403 parci
632 1353 678 1403 V,
723 1354 866 1404 41,10.
928 1353 1077 1393 Romae
1109 1355 1253 1403 agitari
1284 1355 1376 1396 Sall.
1407 1357 1497 1405 Jug.
1532 1359 1589 1397 30
1617 1359 1670 1399 in.

141 1427 318 1476 undique
349 1426 447 1466 mihi
478 1425 687 1465 reclamari
718 1424 819 1465 Plin.
854 1435 914 1474 ep.
949 1424 1018 1475 IX,
1055 1426 1191 1473 13,17.

866 1559 894 1617 s
927 1564 965 1606 9.

185 1660 452 1722 plerumque
478 1657 756 1707 infinitivum
781 1655 1044 1706 historicum
1082 1655 1295 1705 collocari
1324 1657 1370 1705 in
1401 1659 1644 1709 sententiis

757 1733 1027 1813 (primariis.

261 1858 370 1907 Quod
403 1858 628 1907 plerumque
660 1857 845 1897 infinitivi
877 1858 1055 1897 historici
1085 1858 1143 1896 ita
1173 1860 1384 1908 ponuntur,
1415 1861 1457 1896 ut
1473 1859 1671 1908 propriam

142 1931 376 1968 sententiam
420 1930 648 1975 primariam
679 1928 872 1975 efficiant,
917 1929 989 1966 hoc
1020 1928 1111 1966 inde
1142 1928 1415 1975 explicandum
1446 1932 1530 1978 est,
1569 1930 1671 1977 quod

141 2001 359 2047 complures
391 2000 607 2037 sententiae
626 1999 907 2037 subordinatae
931 1999 1171 2037 celeritatem
1195 2002 1311 2047 atque
1327 1998 1514 2047 impetum
1536 2009 1670 2037 eorum

141 2070 356 2109 retardant.
419 2070 568 2107 Eadem
604 2070 745 2107 deinde
777 2081 822 2106 ex
853 2080 972 2107 causa
1004 2068 1070 2120 fit,
1103 2073 1145 2106 ut
1176 2080 1267 2107 raro
1296 2069 1336 2106 in
1369 2070 1571 2108 enuntiato
1601 2081 1670 2117 po-

140 2143 284 2180 nantur
316 2140 558 2180 secundario.
623 2140 730 2189 Quae
761 2141 940 2188 exempla
976 2139 1343 2196 Draegerusaffert
1372 2135 1419 2190 (1.
1444 2140 1472 2179 l.
1493 2151 1529 2188 p.
1552 2138 1669 2192 302),

140 2212 188 2250 iis
219 2211 315 2249 haec
346 2211 625 2258 adiungamus:
658 2210 747 2249 Ter.
772 2211 866 2251 nec.
902 2211 994 2250 182.
1029 2212 1126 2251 826.
1190 2211 1307 2258 Verg.
1328 2210 1425 2248 Aen.
1444 2209 1669 2259 V111,213.
1727 2201 1731 2207 ‘

139 2281 201 2329 X,
235 2282 332 2321 298.
370 2281 469 2319 457.
518 2281 617 2319 ,Liv.
648 2281 689 2332 Ι,
720 2281 800 2327 4,8.
847 2281 956 2329 58,3.
1023 2281 1084 2330 II,
1116 2279 1212 2328 54,8
1288 2280 1369 2329 ΙΙΙ,
1404 2282 1510 2327 2,12.
1558 2281 1694 2336 2Ο,6.,

140 2353 250 2398 46,7.
295 2353 406 2398 69,3.
477 2352 554 2397 IV,
601 2353 709 2404 14,4.
755 2353 867 2401 54,8.
915 2352 1027 2399 58,9.
1096 2351 1173 2396 VI,
1225 2353 1363 2401 14,12.
1406 2352 1514 2397 32,1.
1559 2352 1669 2401 39,5.

139 2421 225 2473 VII,
260 2423 370 2475 37,9.
431 2421 550 2471 VIII,
583 2422 692 2471 28,3.
757 2419 874 2471 XXI,
906 2423 1017 2470 54,9.
1077 2418 1133 2475 (v.
1166 2421 1309 2470 Fabri,
1342 2421 1392 2460 ad
1423 2421 1507 2460 Liv.
1541 2419 1670 2471 XXII,

140 2488 274 2544 47,6).
347 2493 437 2530 Tac.
482 2503 572 2532 ann.
611 2492 650 2540 I,
691 2493 728 2530 3.
771 2493 811 2529 4.
854 2492 921 2531 25.
991 2491 1070 2543 IV,
1114 2492 1175 2529 12.
1237 2490 1337 2538 ΧΠ,
1379 2486 1551 2529 15435.
1598 2492 1668 2532 51.

138 2562 246 2613 XIII,
281 2564 320 2603 3.
349 2564 417 2603 44.
478 2561 566 2611 XV,
598 2563 666 2602 58.
728 2562 824 2601 hist.
854 2561 907 2611 ΙΙ,
940 2562 1008 2601 28.
1043 2562 1111 2601 35.
1172 2560 1242 2612 IV,
1274 2560 1329 2598 49
1363 2560 1529 2609 aliaque.

256 2635 451 2681 Imprimis
482 2637 611 2671 autem
644 2633 708 2670 hic
740 2634 766 2670 ii
800 2633 875 2671 loci
910 2636 999 2670 sunt
1031 2631 1307 2682 notandisubi
1338 2629 1522 2669 infinitivi
1547 2632 1668 2672 histo—

137 2703 210 2742 rici
240 2704 280 2742 in
304 2707 507 2743 enuntiato
527 2714 574 2741 ex
599 2701 938 2741 coniunctionibus
968 2698 1284 2753 (temporalibus)
1313 2700 1511 2748 pendente
1532 2703 1669 2752 scripti

138 2778 239 2814 sunt.
301 2775 515 2814 Rarissime
555 2773 618 2812 hic
658 2783 747 2812 usus
778 2772 975 2811 invenitur
1006 2772 1110 2820 apud
1141 2771 1320 2813 Livium:
1361 2770 1427 2820 ΙΙ,
1468 2772 1564 2822 27,1
1598 2785 1668 2824 po-
