1868 3121
1662 155 1738 199 711

209 274 424 317 vociferari
454 274 540 314 Liv.
573 273 606 323 Ι,
636 273 706 324 40,
740 269 788 313 6.’
811 274 882 324 ΙΙΙ,
913 275 985 324 41,
1021 276 1037 313 1
1076 285 1182 324 saep.
1245 274 1325 317 Cic.
1360 277 1471 317 Verr.
1491 277 1561 327 IV,
1582 279 1647 328 18,
1672 277 1739 317 38.

210 344 439 386 tumultuari
469 344 555 385 Liv.
588 343 753 395 XXVII,
787 345 855 396 28,
892 345 955 385 10.

142 465 144 468 ¹
216 420 298 455 tum
329 415 492 454 laudare
521 414 608 453 Liv.
638 414 670 464 Ι,
702 414 772 464 45,
806 416 829 453 2
863 424 969 464 saep.
1031 415 1120 456 Ter.
1153 415 1277 456 Andr.
1312 417 1379 457 97.

214 486 399 525 extollere
430 485 515 524 Liv.
548 485 620 535 111,
653 485 721 534 35,
752 486 790 524 4.
854 485 946 525 Tac.
979 497 1070 525 ann.
1103 486 1133 532 Ι,
1170 487 1233 525 71.
1296 486 1389 526 Sall.
1424 485 1507 527 Cat.
1540 489 1608 528 48.

217 556 382 606 gloriari
413 554 499 594 Liv.
531 555 662 605 XXII,
695 556 763 605 27,
800 559 836 596 1.
869 556 1006 595 mirari
1035 556 1122 597 Liv.
1154 556 1185 606 Ι,
1217 557 1288 605 46,
1321 557 1345 595 6
1378 567 1485 605 saep.

213 637 383 675 arguere
413 626 500 666 Liv.
532 626 582 673 V,
617 628 686 675 11,
717 627 754 666 3.
786 625 932 669 XXIX,
970 627 1037 674 19,
1070 628 1107 667 3.
1156 627 1248 667 Tac
1280 638 1370 665 ann.
1404 628 1435 673 Ι,
1468 629 1538 667 40.

220 697 428 745 increpare
458 696 532 735 Liv
576 696 628 746 ΙΙ,
652 697 733 743 10,
766 698 805 737 8.
838 696 912 745 ΙΙΙ,
944 698 985 746 2,
1022 698 1069 737 12
1103 696 1152 737 cf.
1204 695 1315 738 CaeS.
1348 698 1436 738 bell.
1468 699 1559 748 gall.
1592 699 1645 746 11,
1677 700 1744 738 30.

278 766 348 805 Sil.
380 767 468 805 Ital.
501 766 611 816 XVI,
643 768 739 806 341.
804 768 890 808 Val.
922 767 1053 807 Flacc.
1086 768 1135 815 V,
1168 769 1265 807 267.

216 837 421 875 criminari
453 836 539 875 Liv.
572 836 642 887 111,
677 837 747 885 35,
778 838 816 876 4.
850 838 1028 877 incusare
1060 837 1245 889 XXXVI,
1284 838 1348 886 15,
1382 838 1420 877 2.

214 907 414 945 obiectare
447 902 505 954 X,
541 909 608 954 15,
645 910 709 947 12.
740 909 883 946 minari
913 908 961 952 V,
995 910 1037 956 9,
1068 911 1107 948 4.

334 999 483 1039 Eodem
518 1001 740 1048 pertinent:
781 1000 979 1041 affirmare
1011 1000 1091 1042 Cic.
1124 1012 1162 1051 p.
1195 1002 1295 1041 Sest.
1318 1003 1388 1049 34,
1421 1003 1487 1042 74.
1551 999 1658 1040 Curt.
1677 1000 1746 1048 IV,

219 1070 294 1118 10,
329 1066 396 1110 30.
445 1068 609 1109 infitiari
657 1071 784 1111 Plaut.
830 1072 923 1112 Cist.
955 1072 1038 1120 IV,
1075 1077 1122 1122 1,
1155 1074 1192 1113 9.
1243 1074 1342 1111 scire
1372 1072 1459 1112 Liv.
1492 1071 1574 1121 VI,
1606 1073 1673 1116 28,
1708 1073 1746 1110 7.

216 1141 371 1179 nescire
403 1140 493 1179 Ter.
525 1140 684 1182 Phorm.
720 1145 814 1182 117.
878 1147 1018 1191 putare
1049 1143 1133 1184 Liv.
1166 1143 1226 1190 II,
1260 1144 1399 1194 23,13.
1462 1143 1623 1182 credere
1657 1141 1744 1181 Liv.

214 1211 249 1260 Ι,
280 1210 350 1258 54,
385 1212 424 1251 3.
458 1208 607 1261 ΧΧΧ,
643 1213 684 1262 6,
719 1216 739 1252 1
774 1223 879 1262 saep.

339 1303 416 1343 Sed
447 1305 480 1343 si
512 1305 723 1354 diligenter
754 1317 836 1344 rem
868 1306 1132 1354 observamus,
1164 1307 1255 1355 hoc,
1287 1307 1389 1355 quod
1421 1307 1588 1345 diximus
1619 1305 1747 1345 infini-

215 1374 296 1413 tivo
340 1374 530 1414 historico
561 1370 798 1427 ἐνέργειαν
828 1367 1016 1426 exprimi,
1058 1377 1110 1415 ad
1141 1387 1275 1415 omnes
1306 1377 1410 1415 locos
1444 1377 1634 1425 quadrat,
1679 1376 1745 1415 ubi

216 1446 390 1493 singulos
435 1445 597 1484 binosve
635 1445 849 1486 infinitivos
889 1447 1131 1496 invenimus,
1173 1450 1216 1484 ut
1258 1447 1377 1494 Verg.
1410 1447 1508 1484 Aen.
1542 1446 1628 1494 ΙΙΙ,
1664 1447 1742 1483 141

216 1526 378 1555 exurere
402 1515 527 1556 Sirius
558 1528 687 1566 agros,
722 1517 786 1557 ubi
817 1516 1011 1556 infinitivo
1042 1518 1100 1556 vis
1131 1520 1262 1563 aestus
1291 1517 1520 1565 praevalida
1541 1517 1747 1565 omniaque

215 1590 370 1625 torrens
402 1587 649 1628 describitur.
710 1588 806 1629 Hor.
838 1591 912 1628 sat.
945 1588 1006 1640 11,
1050 1588 1098 1637 8,
1139 1588 1193 1627 58
1227 1586 1352 1627 Rufus
1382 1586 1475 1625 flere
1506 1588 1532 1626 i.
1566 1598 1600 1626 e.
1634 1587 1745 1625 vehe—

216 1660 369 1696 menter
399 1656 530 1711 flebat,
559 1659 735 1709 aliaque,
783 1670 881 1709 quae
921 1669 1149 1698 enumerare
1180 1669 1257 1698 non
1290 1661 1350 1697 est
1380 1669 1549 1698 neccsse.
1611 1658 1746 1707 Neque

216 1728 295 1767 alia
326 1739 370 1766 ex
404 1740 521 1767 causa
552 1730 825 1778 explicandum
857 1733 927 1778 est,
959 1729 1062 1778 quod
1093 1740 1184 1768 raro
1217 1740 1303 1768 cum
1322 1728 1530 1768 infinitivis
1548 1729 1744 1767 historicis

216 1798 405 1838 adverbia
444 1799 728 1839 vehementiam
771 1798 1035 1849 significantia
1076 1796 1390 1848 coniunguntur,
1434 1803 1477 1837 ut
1519 1800 1631 1838 enixe
1662 1800 1754 1837 Liv.

214 1867 290 1914 IV,
335 1869 409 1922 55,
454 1871 492 1911 2.
534 1874 835 1918 perseveranter
866 1871 925 1920 V,
970 1871 1049 1919 60,
1082 1872 1121 1910 6.
1163 1881 1401 1919 magnopere
1444 1870 1538 1919 vn,
1588 1872 1662 1919 14,
1711 1872 1748 1910 2.

215 1940 379 1990 XXVII,
412 1942 481 1991 47,
515 1942 554 1981 7.
586 1941 749 1991 XXXV,
781 1943 852 1992 46,
884 1943 924 1982 5.
955 1940 1140 1981 ferociter
1172 1940 1258 1990 VII,
1284 1942 1409 1984 324.
1446 1940 1589 1989 XXIV,
1621 1943 1683 1990 18,
1708 1944 1744 1982 8.

216 2010 353 2049 sedulo
384 2012 473 2051 Ter.
504 2012 634 2052 Andr.
670 2013 777 2060 146;
809 2013 896 2052 aliis
928 2017 1057 2051 autem
1088 2012 1186 2050 locis
1218 2012 1432 2059 permultis,
1465 2011 1531 2049 ubi
1563 2012 1658 2050 haec
1690 2014 1750 2050 vel

216 2081 359 2120 similia
390 2086 480 2130 apte
510 2083 614 2121 adici
645 2085 843 2133 poterant,
874 2093 952 2121 non
984 2082 1237 2128 collocantur,
1268 2081 1451 2120 nimirum
1484 2081 1586 2130 quod
1609 2081 1649 2119 in
1665 2082 1747 2120 solo

216 2151 409 2192 infinitivo
452 2154 641 2193 historico
683 2154 778 2193 satis
823 2153 978 2193 roboris
1009 2156 1126 2201 atque
1158 2152 1377 2191 alacritatis
1409 2153 1620 2200 scriptores
1652 2154 1748 2191 scie-

218 2223 313 2263 bant
345 2224 483 2265 inesse.

335 2319 500 2358 Praeter
531 2329 598 2358 eos
629 2321 759 2357 autem
791 2319 920 2367 locos,
962 2318 1027 2356 ubi
1059 2321 1127 2355 aut
1158 2317 1342 2355 celeritas
1372 2320 1441 2355 aut
1471 2317 1528 2353 vis
1560 2315 1752 2354 infinitivo

217 2388 405 2428 historico
437 2388 646 2438 indicatur,
678 2389 776 2428 alias
809 2399 960 2438 quoque
991 2388 1211 2435 invenitur,
1242 2386 1309 2426 ubi
1340 2386 1659 2425 consuetudinem
1692 2388 1751 2425 vel

216 2470 303 2499 rem
335 2460 490 2507 saepius
521 2462 729 2507 repetitam
762 2457 968 2507 significat,
1001 2458 1066 2506 qui
1097 2460 1226 2495 tamen
1259 2468 1349 2495 usus
1380 2457 1501 2494 multo
1533 2458 1662 2495 rarior
1680 2462 1751 2496 est.

216 2529 418 2580 Imprimis
463 2528 644 2570 infinitivi
687 2530 761 2569 hoc
799 2529 916 2568 modo
957 2528 1194 2570 adhibentur
1231 2529 1272 2566 in
1313 2528 1471 2577 ingenio
1502 2528 1752 2579 moribusque

218 2601 419 2642 hominum
458 2602 748 2650 describendis,
811 2604 928 2649 atque
970 2600 1011 2638 id
1051 2599 1100 2638 ab
1144 2595 1324 2638 omnibus
1370 2598 1450 2637 fere
1495 2600 1752 2648 scriptoribus

219 2668 273 2724 (v.
304 2684 389 2721 cap.
421 2670 520 2726 IV),
552 2673 757 2721 Terentio,
789 2671 987 2720 Sallustio,
1018 2671 1143 2719 Livio,
1174 2670 1367 2720 Vergilio,
1400 2670 1569 2718 Justino,
1602 2670 1754 2720 Tacito,

218 2741 368 2793 Statio,
395 2743 505 2798 ,Silio
534 2744 699 2794 Italico,
742 2744 901 2782 Lucano
941 2739 1012 2795 (de
1060 2739 1249 2781 Cicerone
1294 2741 1453 2781 dubium
1493 2745 1575 2790 est3
1616 2753 1650 2781 v.
1685 2740 1755 2778 sub

191 2812 194 2815 '
218 2810 353 2858 nom).
389 2838 442 2843 --
1351 2808 1353 2810 ’
