1868 3121
1637 117 1663 157 ’7

138 221 263 278 ptoris
277 229 339 268 vel
369 229 464 280 eius,
495 237 609 279 quem
640 225 862 279 loquentem
892 227 988 268 lacit
1017 227 1080 278 (ut
1097 228 1290 280 Vergilius
1303 230 1478 274 Aeneam
1493 234 1534 274 in
1554 235 1657 277 Aen.

135 298 196 343 11,‘
219 294 326 350 685)
356 299 412 339 eis
442 299 571 348 rebus,
601 310 701 349 quas
724 301 876 348 narrat,
906 301 1112 347 tantopere
1141 302 1360 348 permoveri
1400 306 1521 353 atque
1552 306 1665 355 quasi

140 366 302 417 auferri,
343 372 387 408 ut
415 369 540 409 iustae
570 369 762 409 orationis
801 367 994 408 rationem
1024 378 1102 407 non
1132 367 1287 409 habeat.
1318 369 1422 411 Nam
1455 395 1496 400 -
1539 378 1583 414 nt
1618 377 1676 415 ait

137 437 313 477 Holtzius
361 436 482 492 (synt.
521 449 582 487 pr.
626 451 701 479 scr.
740 440 766 480 l.
803 438 855 488 11,
897 449 935 487 p.
968 437 1041 486 99)
1074 459 1124 467 -—
1181 449 1268 477 cum
1309 438 1523 482 infinitivus
1565 446 1671 483 omni

137 506 299 548 definita
344 519 598 558 personarum
649 513 687 549 et
738 519 989 549 numerorum
1040 504 1291 549 distinctione
1339 515 1493 559 careat,
1541 514 1671 553 animo

136 582 328 618 commoto
366 581 569 629 scriptoris
611 580 755 619 talibus
795 580 837 619 in
877 579 995 618 rebus
1026 579 1293 619 describendis
1324 580 1421 619 haec
1451 582 1560 622 verbi
1592 582 1672 622 for-

134 659 200 687 ma
242 650 448 712 aptissima
477 654 583 699 erat,
622 653 757 698 utpote
789 660 898 708 quae
926 649 1023 688 nihil
1054 650 1129 688 nisi
1164 650 1358 689 actionem
1388 651 1514 700 ipsam
1545 655 1674 702 expri-

135 723 282 767 meret,
324 731 372 759 ne
416 722 604 769 temporis
645 711 800 769 quidem
843 718 1129 768 significatione
1159 720 1354 769 indicata,
1398 731 1485 760 cum
1525 722 1601 762 hoc
1631 724 1673 763 in

134 798 277 836 genere
308 799 461 838 semper
493 793 702 838 usurpetur
732 788 948 829 infinitivus
979 790 1210 837 praesentis.
1250 811 1298 817 -—

249 859 428 909 Longum
459 862 588 899 autem
619 870 744 909 neque
775 870 821 898 ex
839 870 882 898 re
903 863 974 909 est,
1007 858 1201 909 cuncta,¹)
1235 871 1333 910 quae
1352 846 1403 900 ab
1430 862 1517 901 aliis
1534 863 1671 902 eadem

132 925 215 968 fere
254 930 461 982 dicuntur,
502 930 577 970 hoc
621 931 707 969 loco
737 940 967 969 enumerare
981 960 991 969 .
1035 930 1121 970 Hoc
1151 934 1281 970 tamen
1313 932 1373 971 vel
1404 933 1520 972 simili
1557 935 1674 974 modo

131 999 323 1048 originem
361 1000 551 1040 infinitivi
582 1001 750 1040 absoluti
782 997 1000 1053 (historici)
1031 1001 1301 1049 explicandum
1332 1013 1417 1041 esse
1434 1014 1505 1042 nos
1521 1015 1673 1054 quoque

130 1079 216 1108 cum
256 1072 568 1119 consentiamus,
607 1071 754 1119 aliquid
790 1074 922 1110 tamen
962 1071 1192 1110 mutandum
1235 1082 1319 1111 esse
1350 1074 1572 1113 accuratius
1603 1085 1668 1113 ex·

137 1150 328 1186 ponemus
368 1144 561 1189 sequente>
593 1141 767 1188 opusculi
798 1143 932 1189 parte,
977 1151 1061 1189 qua·
1084 1141 1133 1179 de
1164 1141 1202 1179 vi
1232 1144 1273 1180 et
1309 1145 1452 1181 natura
1480 1142 1669 1184 infinitivi

136 1210 316 1250 historici
349 1210 557 1250 dicendum
588 1210 702 1250 nobis
732 1211 1017 1259 proposuimus.

772 1381 903 1487 Cap.
938 1403 1009 1467 11.

544 1540 598 1586 uo
629 1523 786 1588 natura
817 1541 1009 1589 infinitivi
1042 1540 1255 1588 historici.

253 1670 339 1709 Hac
381 1670 422 1708 in
463 1672 690 1719 quaestione
730 1673 764 1712 si
790 1672 882 1722 quid
913 1671 1104 1722 proficere
1130 1672 1326 1721 volemus,
1371 1670 1422 1709 ab
1452 1671 1576 1720 ipsius
1606 1672 1667 1711 in-

141 1739 283 1779 finitivi
313 1742 453 1778 natura
481 1741 636 1779 initium
669 1751 809 1790 capere
838 1752 997 1781 necesse
1027 1745 1086 1780 est
1117 1744 1233 1789 atque
1264 1739 1476 1789 illustrare,
1507 1742 1600 1789 quid
1621 1742 1672 1780 sit

138 1808 353 1849 infinitivus
394 1809 455 1849 vel
496 1810 626 1859 potius
663 1811 756 1860 quid
793 1811 934 1855 valeat,
993 1811 1131 1861 Neque
1162 1809 1265 1849 enim
1296 1820 1401 1849 nunc
1433 1809 1482 1849 de
1511 1810 1665 1860 origine

137 1882 220 1920 eius
250 1881 419 1920 locuturi
450 1890 600 1929 sumus;
632 1881 700 1920 sed
731 1882 806 1920 hoc
835 1882 964 1930 posito
996 1892 1080 1920 esse
1111 1891 1198 1919 eum
1229 1880 1269 1918 in
1283 1880 1421 1928 lingua
1442 1880 1567 1919 latina
1590 1892 1667 1920 non

136 1952 214 1991 iam
247 1952 414 1991 nominis
445 1937 647 1991 cuiusdam
679 1951 912 1991 substantivi
942 1954 1097 2001 partem
1128 1942 1197 1990 sed
1228 1949 1349 1999 verbi,
1380 1949 1478 1989 haec
1510 1948 1668 1999 scripsi-

136 2034 234 2072 mus,
265 2033 363 2071 quae
395 2026 621 2071 sequuntur.
665 2023 726 2061 Ex
757 2023 913 2061 nomine
944 2026 1073 2062 autem
1103 2016 1308 2069 ‘infinitivi'
1339 2023 1506 2068 apparet
1521 2022 1667 2069 opponi

136 2104 224 2132 eum
254 2092 382 2132 modis
412 2090 545 2141 finitis,
575 2092 802 2141 indicativo,
835 2093 1099 2140 coniunctim,
1129 2090 1375 2140 imperativo,
1397 2101 1421 2130 a
1438 2090 1577 2139 quibus
1608 2092 1664 2129 ita

137 2163 280 2213 differt,
314 2166 357 2200 ut
387 2166 427 2201 et
456 2172 647 2210 personae
678 2166 718 2201 et
743 2163 896 2201 numeri
926 2166 966 2201 et
996 2162 1184 2210 temporis
1211 2159 1495 2208 significatione
1512 2165 1661 2210 careat,

137 2244 261 2283 neque
298 2232 404 2272 aliud
444 2232 655 2281 quidquam
696 2233 774 2271 nisi
809 2241 948 2281 puram
986 2231 1095 2271 verbi
1127 2230 1359 2270 sententiam
1393 2233 1510 2279 atque
1541 2231 1669 2270 notio-

126 2315 225 2360 ·nem
256 2302 456 2353 praebeat.
470 2299 507 2355 ²)
569 2303 698 2351 Quare
739 2315 763 2342 a
793 2303 1062 2352 grammaticis
1093 2300 1357 2341 alexandrinis
1389 2300 1670 2340 nominabatur

148 2465 183 2506 1)
211 2476 244 2499 v.
270 2464 313 2498 11.
340 2464 380 2498 L.
407 2463 450 2498 O.
477 2464 614 2505 Miiller,
641 2465 682 2496 de
706 2466 830 2498 natura
854 2464 880 2497 i.
904 2463 938 2498 h.
963 2472 1081 2505 progr.
1109 2461 1197 2495 Cell.
1215 2458 1319 2495 1833.
1367 2460 1435 2495 Th.
1459 2461 1502 2495 R.
1530 2461 1655 2493 Mende

205 2523 247 2555 de
283 2522 352 2556 inf.
390 2522 575 2557 historico.
626 2532 746 2566 progr.
787 2521 906 2564 Brieg.
939 2519 1043 2555 1845.
1093 2518 1265 2563 Draeger,
1305 2522 1397 2563 synt.
1421 2519 1507 2554 hist.
1533 2530 1567 2562 p.
1593 2517 1663 2553 302

204 2582 294 2615 alios
321 2590 374 2615 ne.

146 2639 182 2682 2)
209 2650 241 2674 v.
268 2592 446 2682 Mzrguet,
489 2641 576 2674 diss.
614 2640 734 2683 inaug.
758 2639 891 2682 Regim.
919 2636 1011 2672 1863
1044 2647 1077 2679 p.
1106 2636 1146 2671 6:
1187 2637 1378 2671 infinitivus
1404 2637 1542 2679 integra
1566 2640 1670 2679 atque

202 2700 297 2732 nuda
318 2700 578 2742 quodammodo
602 2699 698 2732 verbi
726 2698 823 2733 notio
848 2701 917 2735 est:
945 2697 1041 2730 verbi
1056 2699 1185 2730 natura
1198 2695 1317 2739 fluida,
1346 2695 1555 2729 substantivi
1569 2694 1669 2730 firma

202 2766 236 2794 et
249 2760 405 2803 statilis3
430 2761 693 2794 illudactionem
705 2758 892 2802 significat,
906 2758 973 2789 hoc
996 2765 1086 2800 rem3
1112 2756 1211 2797 illud,
1226 2756 1318 2797 quod
1341 2754 1389 2796 fit,
1405 2755 1483 2797 hoe,
1499 2755 1592 2797 quod
1607 2760 1671 2788 est.
