1868 3121
1687 124 1720 164 9

188 246 319 285 animo
349 244 627 292 relinquantur·
650 240 702 284 ad
724 241 867 292 omnia,
899 251 998 290 quae
1017 245 1241 291 narrantur,
1273 242 1512 291 cogitatione
1532 240 1717 291 fingenda

189 318 369 365 clareque
399 311 622 361 formanda,
653 314 739 350 eam
769 312 894 359 ipsam
925 311 976 350 ob
1006 322 1162 350 causam
1194 313 1311 352 solita
1340 313 1530 352 narrandi
1559 314 1662 352 ratio
1693 325 1718 352 a

190 387 381 435 scriptore
412 383 646 432 neglegitur.
708 380 872 429 Singula
902 381 1008 419 enim
1037 390 1212 430 quaeque
1244 383 1378 422 oculos
1408 383 1529 422 multo
1554 384 1719 422 celerius

188 458 301 506 quasi
339 453 650 505 praetervolant,
687 460 806 499 quam
845 453 888 489 ut
926 451 1051 489 otiose
1089 454 1130 491 et
1159 456 1341 498 accurate
1370 453 1562 491 illustrari
1589 454 1717 493 liceat.

189 527 320 576 Atque
351 529 395 580 ut
423 535 487 564 res
518 533 668 562 summa
698 532 785 561 cum
816 519 1067 560 festinatione
1097 525 1300 571 geruntur,
1330 523 1388 561 ita
1417 523 1544 562 oratio
1568 533 1721 573 quoque

191 602 391 646 tamquam
433 605 622 643 praeceps
661 593 881 641 raptimque
919 592 1001 630 ruit
1037 601 1161 641 eoque
1203 594 1391 632 maiorem
1438 594 1479 631 in
1520 598 1722 643 exspecta·

190 668 337 706 tionem
369 666 521 704 animos
553 675 703 713 eorum,
732 665 799 713 qui
830 664 995 703 audiunt
1026 664 1087 703 vel
1117 663 1264 712 legunt,
1295 663 1468 704 adducit.

309 736 387 776 Sed
429 746 506 775 non
545 735 661 775 modo
703 736 888 775 alacritas
931 734 1124 784 quaedam
1152 737 1270 783 atque
1300 732 1501 781 festinatio
1533 735 1724 775 orationis

191 809 266 848 hac
298 808 590 847 constructione
625 805 806 856 efficitur,
838 806 907 846 sed
938 807 997 845 vis
1027 815 1182 855 quoque
1211 806 1338 845 maior
1355 817 1403 845 ac
1424 807 1537 855 vigor
1564 806 1722 855 qnidam

192 881 229 919 ei
268 880 442 919 inicitur.
506 879 607 918 Nam
653 890 740 918 cum
771 879 881 928 prius
910 879 1008 918 illud
1038 890 1105 918 eos
1136 878 1266 928 potius
1298 878 1349 917 ad
1379 878 1486 916 locos
1517 876 1725 925 pertineat,

192 950 260 999 nbi
289 949 509 997 complures
539 947 755 989 infinitivos
786 949 994 989 historicos
1025 961 1102 989 uno
1134 950 1350 998 eodemque
1379 950 1518 986 tenore
1548 948 1653 985 inter
1683 958 1728 986 se

194 1020 422 1059 coniunctos
453 1020 685 1070 invenimuS,
718 1019 792 1059 hoc
823 1020 874 1059 ad
905 1031 972 1059 eos
1003 1020 1184 1070 quadrat,
1216 1020 1283 1060 nbi
1314 1030 1413 1062 nnus
1444 1018 1507 1056 vel
1531 1017 1582 1056 ad
1622 1029 1725 1056 sum-

197 1101 301 1128 mum
347 1089 423 1128 duo
463 1088 647 1128 infinitivi
680 1090 943 1138 reperiuntur.
1005 1090 1240 1138 Saepissime
1271 1092 1402 1129 autem
1433 1088 1621 1136 scriptum
1652 1092 1723 1136 est,

194 1160 384 1208 imprimis
416 1159 521 1207 apud
552 1159 732 1200 Livium:
775 1159 929 1207 Appius
958 1170 1104 1208 negare
1135 1157 1233 1210 (IX,
1265 1159 1337 1207 33,
1377 1154 1437 1210 8),
1478 1157 1625 1197 Fabius
1648 1159 1725 1197 ab·

192 1241 312 1269 nuere
344 1226 421 1282 (X,
458 1229 590 1282 15,9),
620 1229 801 1269 tribunus
832 1240 947 1269 orare
979 1226 1066 1281 (VI,
1095 1230 1165 1279 24,
1188 1230 1245 1280 7),
1276 1230 1382 1269 acies
1414 1228 1585 1269 fremere
1613 1229 1720 1282 (VII,

199 1304 267 1352 39,
301 1302 375 1353 7),
406 1302 547 1351 quibus
578 1312 656 1341 non
688 1305 770 1341 tam
800 1303 927 1340 oratio
959 1301 1126 1340 vividior
1155 1299 1222 1348 fit,
1265 1310 1381 1351 qnam
1412 1303 1537 1342 maior
1567 1304 1625 1342 vis
1656 1304 1726 1342 tri-

193 1374 330 1413 buitur
360 1373 546 1421 neganti,
585 1372 727 1424 oranti,
768 1371 963 1411 frementi.
1025 1372 1115 1411 Jam
1156 1372 1222 1420 qui
1254 1382 1342 1410 cum
1373 1373 1410 1411 vi
1441 1376 1558 1422 atque
1589 1375 1725 1423 vigore

194 1445 278 1493 agit
321 1465 375 1470 ——
409 1443 606 1492 dolemus,
646 1443 749 1492 quod
780 1443 925 1488 Latinae
967 1443 1125 1491 linguae
1155 1442 1404 1493 vocabulum,
1446 1444 1551 1493 quod
1581 1455 1725 1493 graeco

194 1510 404 1566 ἐνέργεια
433 1514 552 1562 plane
581 1513 830 1563 respondeat,
861 1513 1041 1553 invenire
1068 1523 1146 1551 non
1176 1524 1379 1561 possumus
1411 1535 1483 1564 —‚
1512 1514 1615 1554 hunc
1633 1527 1724 1555 con-

195 1588 427 1624 sentaneum
460 1588 519 1623 est
549 1596 628 1624 non
658 1585 763 1623 lente
794 1594 933 1633 agere,
966 1583 1035 1623 sed
1066 1595 1155 1623 cum
1184 1584 1385 1631 celeritate
1415 1588 1532 1634 atque
1563 1584 1725 1626 festina-

197 1656 319 1707 tione,
350 1664 447 1703 quas
479 1655 651 1703 scriptor
677 1655 826 1693 imitari
856 1653 1001 1704 studet,
1033 1665 1120 1692 cum
1151 1654 1274 1692 utitur
1289 1653 1494 1694 infinitivis
1512 1656 1725 1697 historicis.

194 1725 279 1775 Quo
320 1724 390 1771 fit,
436 1729 477 1765 ut
520 1725 708 1766 sedulitas
749 1729 788 1765 et
828 1725 1035 1765 exsultatio
1074 1728 1114 1764 et
1144 1725 1369 1776 trepidatio,
1402 1737 1537 1766 omnes
1567 1730 1726 1768 omnino

197 1797 318 1836 animi
358 1797 641 1836 commotiones
680 1795 756 1835 hoc
794 1796 910 1835 modo
954 1799 1153 1845 tamquam
1198 1796 1464 1845 depingantur
1505 1790 1577 1849 (vj
1608 1799 1726 1849 Verg.

195 1869 296 1907 Aen.
329 1868 360 1920 I,
393 1868 492 1908 423.
528 1867 581 1916 11,
613 1868 682 1906 97.
714 1867 785 1916 111,
806 1868 904 1907 666.
942 1879 976 1907 v.
996 1867 1177 1914 Steltzer,
1210 1868 1282 1907 der
1298 1868 1388 1909 hist.
1410 1868 1479 1908 inf.
1500 1869 1561 1908 bei
1581 1870 1729 1921 Vergil,

194 1950 329 1988 progr.
362 1938 560 1978 Nordhus.
598 1934 744 1990 1875).
805 1938 919 1977 Hanc
949 1941 1102 1987 autem,
1133 1948 1248 1987 quam
1281 1939 1460 1989 diximus,
1492 1933 1730 1993 ἐνέργειαν

194 2010 387 2060 imprimis
427 2010 483 2049 ita
520 2010 761 2060 invenimus,
808 2013 851 2048 ut
887 2020 986 2048 unus
1025 2012 1195 2058 ponatur
1224 2007 1459 2059 infinitivus,
1504 2012 1729 2059 saepissime

194 2081 333 2119 horum
364 2090 465 2129 quae
497 2084 711 2129 sequuntur
741 2080 971 2121 verborum:

193 2149 398 2191 instare
429 2151 516 2192 Liv.
547 2150 589 2199 Ι,
634 2150 715 2200 35,
759 2153 780 2190 1
815 2161 921 2200 saep.
985 2150 1114 2190 Plant.
1147 2149 1240 2189 cist.
1273 2150 1331 2199 II,
1377 2151 1430 2198 3,
1469 2152 1539 2192 40.
1602 2151 1726 2194 Merc.

254 2222 307 2271 11,
345 2224 381 2273 1,
417 2224 482 2263 18.
544 2221 624 2263 Cic.
656 2221 770 2263 Verr.
805 2222 839 2271 Ι,
871 2222 939 2271 26,
972 2222 1040 2262 66.
1104 2220 1215 2261 Caes.
1251 2221 1288 2261 b.
1316 2221 1389 2261 civ.
1411 2221 1480 2271 III,
1507 2224 1571 2262 17.
1632 2223 1725 2279 Sall.

252 2293 337 2334 Cat.
375 2294 442 2334 60.

193 2364 355 2404 tendere
387 2365 471 2405 Liv.
503 2363 573 2415 IV,
607 2365 646 2413 9,
678 2364 717 2403 5.
750 2374 853 2412 saep.
892 2362 981 2402 Ter.
1014 2362 1115 2401 Eun.
1140 2362 1237 2401 626.
1299 2362 1429 2403 valer.
1452 2363 1510 2403 Fl.
1537 2363 1602 2413 VI,
1627 2366 1726 2405 362.

253 2435 346 2476 Tac.
378 2435 469 2476 hist.
501 2435 568 2484 lV,
604 2435 671 2475 16.

193 2517 335 2555 urgere
366 2507 456 2547 Liv.
487 2502 545 2555 X,
577 2506 647 2554 36,
683 2507 748 2545 14.
779 2504 966 2556 XXXIX,
1001 2505 1070 2551 31,
1095 2505 1134 2544 9.
1196 2503 1275 2543 Cic.
1308 2504 1359 2543 ad
1391 2504 1461 2552 Qu.
1495 2504 1542 2545 fr.
1576 2505 1627 2554 II,
1660 2507 1699 2545 3.

194 2580 373 2625 perstare
404 2577 489 2619 Liv.
522 2577 671 2627 XXIII,
706 2577 775 2629 14,
808 2578 844 2616 7.
879 2573 1076 2624 XXXVII,
1108 2575 1178 2623 52,
1216 2575 1280 2615 10.

194 2647 353 2688 obstare
384 2649 469 2690 Liv.
501 2648 569 2701 IV,
601 2648 671 2699 55,
704 2650 745 2688 2.
778 2648 968 2688 obsistere
1000 2647 1085 2687 Liv.
1118 2643 1175 2698 X,
1211 2648 1277 2693 19,
1316 2650 1350 2687 1.

194 2720 380 2761 resistere
410 2720 495 2761 Liv.
525 2719 729 2771 XXXVII,
762 2720 829 2770 32,
869 2720 939 2760 12.
970 2719 1152 2759 insistere
1182 2718 1275 2759 Tac.
1308 2729 1399 2759 ann.
1431 2717 1500 2769 ΙΙΙ,
1533 2720 1601 2760 42.

193 2792 322 2831 moliri
353 2792 441 2833 Liv.
472 2792 641 2841 XXVII,
674 2792 755 2839 28,
795 2792 859 2831 10.
921 2791 1015 2831 Tac.
1047 2802 1141 2829 ann.
1178 2787 1272 2840 XII,
1309 2791 1348 2829 3.
1410 2789 1504 2829 Sall.
1537 2790 1627 2839 Jug.
1665 2793 1729 2831 11.

1425 2859 1450 2897 2
