1868 3121
1674 127 1703 171 ὅ

185 253 305 294 antea
329 250 428 290 ritem
458 245 531 299 pro
561 248 796 298 imperativo
827 248 1007 288 collocati
1038 252 1188 297 essent,
1229 250 1367 299 aliam,
1396 255 1557 299 prorsus
1587 250 1705 290 alium

182 326 223 364 in
250 322 488 361 sententiam
518 319 794 359 verterentur?
853 320 956 359 Nam
986 319 1089 369 quod
1121 320 1287 370 Jollyius
1317 318 1468 367 profem
1497 321 1704 369 vestigium

181 392 355 434 eiusdem
385 392 476 430 usus
507 386 580 443 (sc.
613 388 798 429 infinitivi
825 389 994 429 absoluti
1024 390 1066 428 in
1083 390 1221 438 lingua
1237 389 1361 429 latina
1378 389 1600 437 imperativi
1616 391 1704 431 ioco

181 459 320 515 positi)
351 470 472 501 unum
503 464 657 500 exstare
677 461 782 510 apud
803 460 1003 500 Valerium
1019 460 1205 499 Flaccum
1237 458 1297 512 (in
1314 459 1464 508 Argon.
1482 460 1508 498 1.
1527 456 1599 501 111.
1617 461 1701 499 412

180 536 235 584 ‘tu
266 531 393 572 socios
425 530 616 571 adhibere
645 527 815 584 sacris.')
863 531 1032 580 indeque
1062 530 1260 570 concludit
1288 528 1521 569 infinitivum
1552 530 1704 569 absolu»

180 593 262 642 tum
292 602 333 640 in
366 602 490 641 latina
533 611 687 650 quoque
716 602 850 650 lingua
877 602 1005 650 primo
1037 605 1077 640 et
1105 600 1326 649 imperativi
1357 600 1444 640 loeo
1463 601 1557 639 etin
1575 608 1704 639 rerum

180 673 442 721 descriptione
481 670 700 711 adhibitum
740 678 844 720 esse,
891 672 1082 720 paulatim
1120 673 1273 720 autem,
1322 679 1409 708 eum
1439 671 1481 709 in
1511 670 1704 709 historiae

176 743 404 782 narratione
434 741 661 791 praevalere
690 741 902 790 coepisset,
931 742 989 781 ita
1019 742 1143 780 solum
1174 741 1355 789 usurpari
1387 743 1581 788 coeptum,
1611 739 1698 789 hoc,

116 815 119 817 ’
176 813 217 852 ni
265 812 401 861 fallor,
449 811 630 852 subtilius
669 811 870 850 inventum
907 814 978 853 est.
1040 811 1126 851 Hoc
1166 813 1270 851 enim
1309 813 1418 860 loco,
1464 815 1551 850 cum
1589 809 1703 849 valde

179 882 320 922 mirum
350 883 532 922 videatur
564 885 645 920 tum
677 881 830 921 demum
862 881 992 932 ibique
1024 883 1148 922 solum
1179 882 1346 921 alterum
1376 889 1530 921 sensum
1558 882 1701 929 inesse,

175 963 223 992 ex
265 951 484 993 'imitatione
530 953 661 1002 potius
700 951 861 992 Homeri
900 952 975 993 hoc
1005 952 1276 1004 explicandum
1306 956 1507 1003 putamus,
1567 954 1702 991 vetere
1775 948 1777 950 ’

173 1022 450 1074 grammaticos
479 1023 616 1065 secuti.

170 1092 389 1136 Quamquam
419 1093 512 1126 enim
546 1086 638 1126 idem
675 1102 744 1126 uno
778 1094 870 1136 apud
908 1093 1113 1135 Appuleium
1158 1094 1235 1127 loco
1276 1094 1420 1136 (Metam
1445 1092 1516 1135 VI,
1558 1092 1601 1126 '10
1631 1092 1696 1134 in.)

213 1153 300 1186 liber
334 1152 508 1195 optimus,
546 1153 599 1185 vel
637 1154 775 1195 polius,
813 1143 917 1195 quem
946 1152 1061 1185 solum
1089 1152 1187 1195 sequi
1219 1163 1306 1195 opus
1341 1156 1415 1194 est,
1449 1151 1494 1195 F,
1530 1152 1693 1196 praebet:

216 1210 429 1253 discernere,
463 1221 534 1244 non
559 1211 738 1256 discerne,
769 1211 805 1244 id
845 1212 937 1254 quod
975 1220 1093 1245 omnes
1125 1211 1274 1245 editores
1314 1216 1528 1255 receperunt,
1578 1215 1693 1245 tamen

217 1271 310 1313 quod
343 1271 443 1302 metri
479 1271 536 1302 hic
559 1271 661 1302 nobis
686 1280 757 1302 non
783 1275 836 1303 est
860 1271 1073 1313 subsidium,
1112 1281 1175 1314 pro
1199 1275 1293 1305 certo
1318 1272 1458 1314 quidem
1489 1272 1578 1303 nihil
1617 1271 1695 1304 licet

216 1329 403 1364 affirmare.

284 1414 437 1454 Deinde
468 1415 683 1455 infinitivus
714 1415 924 1456 historicus
954 1416 1112 1466 linguae
1128 1415 1360 1457 Lithavicae
1390 1417 1447 1457 ita
1478 1416 1594 1457 modo
1618 1416 1692 1457 hac

168 1486 209 1523 in
241 1486 468 1533 quaestione
499 1487 668 1525 alicuius
695 1487 882 1525 momenti
912 1490 1026 1536 esset,
1057 1490 1100 1525 ut
1129 1487 1257 1527 forma
1274 1498 1426 1537 quoque
1443 1499 1530 1526 cum
1547 1488 1693 1527 latinae

167 1554 327 1603 linguae
377 1554 571 1595 infinitivo
617 1559 872 1605 congrueret:
921 1567 1010 1596 nam
1059 1568 1202 1597 nomen
1236 1561 1354 1601 certe
1393 1556 1576 1611 infinitivi
1614 1568 1691 1597 non

167 1623 322 1664 sufficit.
358 1647 406 1651 -—

281 1705 357 1747 Sed
392 1707 593 1749 veniamus
624 1719 727 1751 nunc
757 1708 809 1749 ad
839 1712 1019 1758 quartam
1050 1710 1098 1750 de
1128 1711 1281 1761 origine
1312 1710 1495 1752 infinitivi
1513 1712 1689 1753 historici

159 1777 420 1827 sententiam,
468 1787 584 1827 quam
621 1778 725 1819 idem
765 1779 931 1829 Jollyius
975 1781 1022 1821 (l.
1063 1781 1090 1820 1.
1122 1793 1160 1829 p.
1194 1782 1288 1821 136.
1325 1782 1420 1823 158.
1457 1784 1552 1823 181.
1586 1780 1687 1835 215)

161 1847 336 1896 protulit.
393 1847 432 1887 Is
471 1849 575 1888 enim
613 1858 701 1888 cum
740 1850 918 1890 omuibus
958 1851 1104 1901 linguis
1143 1861 1243 1901 quae
1282 1856 1473 1892 vocantur
1503 1853 1685 1904 iudoger-

159 1919 323 1958 manicis
362 1921 520 1959 strenue
562 1922 799 1969 comparatis
829 1921 1001 1962 dilucide
1032 1923 1380 1975 demonstraverit,
1427 1936 1525 1975 quos
1550 1935 1684 1976 gram-

157 1989 292 2029 matici
325 1988 539 2030 infinitivus
568 1994 766 2042 vocarent,
798 2003 883 2032 esse
913 2004 1026 2034 casus
1057 1996 1247 2044 quosdam
1278 1997 1477 2037 nominum
1503 1997 1682 2051 substan-

155 2060 327 2099 tivorum
358 2061 554 2100 actionem
585 2061 911 2113 significant-ium,
942 2065 1090 2105 latinae
1121 2069 1251 2106 autem
1282 2068 1438 2116 liuguae
1469 2067 1681 2109 infinitivus

155 2139 202 2170 ex
241 2130 374 2171 dativo
416 2132 554 2172 talium
592 2133 798 2174 nominum
838 2145 931 2175 casu
968 2139 1076 2177 ortos
1115 2147 1219 2188 esse,
1267 2137 1342 2179 hoc
1379 2139 1471 2179 inde
1500 2140 1679 2181 concludi

153 2210 266 2248 posse
312 2201 529 2241 arbitratur
575 2203 810 2244 infinitivum
858 2207 1087 2248 historicum
1134 2209 1211 2258 (vel
1249 2209 1469 2248 absolutum
1494 2209 1677 2266 omnino)

147 2280 348 2323 emanasse
378 2275 495 2322 atque
524 2275 799 2324 explicandum
830 2288 914 2317 esse
944 2288 992 2318 ex
1022 2280 1061 2319 vi
1091 2281 1260 2330 quadam
1291 2282 1496 2331 praecipiti
1529 2286 1568 2322 et
1586 2293 1676 2332 pro—

148 2341 251 2382 tinus
298 2346 508 2394 pergente,
555 2354 673 2394 quam
718 2346 759 2385 in
799 2357 892 2387 casu
930 2348 1064 2389 dativo
1098 2349 1196 2390 dicit
1231 2351 1370 2392 inesse.
1460 2352 1578 2393 Cuius
1618 2360 1673 2399 rei

148 2413 314 2461 vestigia
362 2422 555 2462 apparere
601 2417 794 2463 imprimis
841 2430 888 2458 ex
926 2431 997 2459 usu
1035 2423 1284 2470 antiquorum
1322 2426 1580 2474 scriptorum,
1632 2430 1672 2465 ut

149 2481 291 2532 Plauti,
323 2485 389 2533 qui
420 2484 593 2527 scribat:
626 2487 760 2528 bibere
790 2489 842 2529 do
873 2487 917 2542 (i.
950 2501 982 2531 e.
1015 2491 1066 2530 ad
1097 2489 1340 2546 bibendum),
1372 2507 1419 2535 eo
1436 2496 1572 2536 videre
1602 2494 1670 2547 (ad

144 2550 395 2606 videndum),
441 2556 556 2596 mitto
594 2558 760 2599 reddere
808 2561 877 2605 (ad
916 2561 1181 2617 reddendum)
1221 2565 1376 2617 aliaque
1416 2569 1559 2608 similia
1599 2565 1668 2620 (cf.

143 2621 296 2673 Holtze,
328 2628 431 2673 synt.
463 2628 580 2673 prisc.
613 2628 746 2678 script.
779 2630 847 2672 lat.
878 2631 929 2681 H,
960 2642 997 2681 p.
1032 2631 1120 2684 31).
1182 2635 1272 2676 Hoc
1301 2640 1431 2678 autem
1449 2642 1529 2678 tam
1546 2639 1669 2678 libero

139 2701 187 2730 ex
224 2704 296 2733 usu
333 2694 520 2737 facillime
549 2696 634 2737 fieri
666 2700 860 2750 potuisse,
910 2705 954 2741 ut
980 2714 1067 2742 cum
1098 2706 1155 2744 vis
1184 2705 1308 2747 dativi
1339 2708 1668 2749 substantivorum

139 2763 334 2804 actionem
364 2766 671 2816 significantium
703 2770 1025 2813 corroboraretur
1055 2773 1280 2828 firmiorque
1310 2778 1440 2829 fieret,
1489 2778 1668 2820 infinitivi
