1868 3121
1630 124 1690 170 ‘25

286 250 508 289 Pronomen
539 246 746 285 relativum
776 255 855 283 non
887 254 1025 292 purum
1057 248 1139 290 est,
1185 245 1251 284 sed
1283 256 1355 292 pro
1386 246 1693 286 demonstrativo

168 321 358 371 positum:

167 392 252 430 Liv.
292 388 448 435 XXVI,
490 386 624 436 50,10
665 385 733 433 qui
773 395 887 422 orare
930 384 1153 431 Scipionem
1196 381 1273 434 (=
1313 385 1341 422 ii
1373 382 1537 436 autem).
1599 386 1691 425 Sall.

227 461 319 508 Jug.
355 458 420 497 12.
481 456 609 495 Tacit.
641 454 734 494 hist.
764 453 798 502 Ι,
830 454 900 493 81.
961 453 1030 498 IV,
1062 454 1129 493 84.
1165 475 1221 480 —

286 528 333 567 In
376 526 570 566 sententia
612 524 780 572 denique
812 524 1096 572 interrogativa
1126 522 1308 562 infinitivi
1337 523 1514 562 historici
1546 525 1696 563 duobus

169 600 264 640 locis
292 600 476 638 exstant:

171 671 261 709 Ter.
293 670 395 709 Eun.
429 669 540 707 391:

230 739 399 788 Magnas
428 747 521 776 vero
552 744 671 784 agere
702 735 857 781 gratias
883 732 1005 773 Thais
1034 734 1156 773 mihi?

173 814 213 850 et
243 809 387 849 ibidem
420 809 461 846 in
492 818 527 847 v.
559 806 644 845 419
678 813 756 854 sq.:

232 890 301 918 rex
331 881 371 917 te
403 887 498 926 ergo
529 865 570 915 in
601 875 724 914 oculis
749 895 805 901 -—
837 873 1019 923 gestare?

174 951 286 990 Alter
315 950 423 989 locus
452 950 513 987 est
543 946 648 995 apud
680 945 934 994 Petronium;
966 949 1039 985 sat.
1073 945 1151 985 62:

233 1020 298 1070 qui
329 1019 429 1058 mori
460 1019 600 1056 timore
632 1016 708 1054 nisi
739 1015 842 1064 ego?

176 1091 279 1140 quod
309 1100 541 1139 quamquam
572 1087 719 1126 insoliti
750 1086 898 1135 aliquid
930 1086 1064 1133 habet,
1107 1090 1238 1125 tamen
1270 1098 1347 1125 non
1378 1090 1459 1135 est,
1503 1098 1572 1126 cur
1609 1099 1695 1126 cor-

176 1163 334 1208 ruptum
365 1160 468 1197 hunc
499 1158 626 1197 locum
656 1159 846 1217 putemus.
910 1156 995 1194 Hoc
1026 1157 1128 1194 enim
1159 1156 1369 1200 tenendum
1398 1160 1471 1204 est,
1501 1158 1700 1205 vulgarem

175 1242 200 1270 a
230 1230 418 1269 Petronio
450 1229 514 1267 hic
545 1227 658 1275 nobis
689 1227 800 1266 offeri
832 1237 1063 1265 sermonem.
1126 1226 1212 1265 Huc
1242 1226 1462 1266 addendum
1495 1231 1567 1275 est,
1599 1228 1701 1277 quod

176 1301 251 1340 hae
267 1287 610 1347 interrogationes
641 1297 860 1346 rhetoricis,
891 1302 989 1345 quae
1021 1299 1225 1344 vocantur,
1256 1300 1346 1336 sunt
1375 1297 1621 1338 tribuendae.

882 1432 910 1487 ξ
947 1436 1012 1473 10.

306 1530 445 1579 verba
478 1527 612 1577 finita
647 1542 782 1589 quam
819 1527 866 1575 in
902 1526 1179 1576 sententiam
1214 1528 1464 1588 sequantur
1498 1529 1570 1579 vel

515 1621 790 1671 antecedant
826 1619 1077 1671 infinitivos
1113 1618 1369 1669 historicos,

297 1726 422 1775 Saepe
446 1728 602 1776 longior
621 1729 741 1767 series
764 1727 1045 1766 infinitivorum
1073 1727 1346 1766 historicorum
1372 1728 1564 1776 excipitur
1581 1729 1708 1768 verbis

179 1794 319 1846 finitis,
358 1797 551 1845 imprimis
597 1798 852 1846 imperfecto,
895 1802 1012 1846 atque
1055 1797 1097 1835 id
1128 1797 1296 1844 primum
1326 1808 1411 1836 eam
1444 1798 1494 1837 ad
1527 1810 1631 1848 rem,
1668 1804 1711 1838 ut

181 1866 313 1905 omnia
343 1868 581 1915 colligantur
613 1878 691 1906 uno
722 1867 841 1907 verbo
871 1866 996 1916 finito,
1024 1878 1122 1916 quae
1160 1854 1278 1906 antea
1300 1867 1566 1915 compluribus
1582 1868 1710 1907 infini-

180 1937 270 1976 tivis
318 1937 515 1977 historicis
566 1940 787 1978 accuratius
826 1939 1058 1988 uberiusque
1098 1950 1281 1988 expressa
1323 1941 1459 1989 erant3
1502 1940 1610 1979 cuius
1652 1940 1710 1978 rei

180 2007 358 2056 exempla
387 2011 476 2047 sunt
507 2008 632 2050 haec:

182 2079 272 2121 Ter.
304 2079 446 2120 Heaut.
484 2080 578 2120 125.
640 2080 733 2120 Sall.
758 2079 844 2120 Cat.
872 2082 978 2129 1313.
1020 2082 1124 2127 162.
1160 2082 1271 2128 21,4.
1306 2082 1360 2120 25
1381 2084 1477 2120 extr.
1501 2079 1709 2133 (prorsus).

241 2150 351 2197 48,1.
386 2151 500 2203 60,4.
561 2151 653 2200 Jug.
694 2152 801 2199 15,2.
837 2152 935 2204 30,3
956 2149 1170 2203 (prorsus).
1196 2153 1307 2199 43,4.
1333 2154 1443 2199 51,5.
1505 2152 1597 2191 Tac.
1623 2164 1711 2192 ann.

240 2219 293 2268 II,
326 2221 393 2260 23.
425 2221 495 2268 XI,
531 2222 597 2261 37.
629 2221 718 2261 hist.
752 2221 803 2269 ΙΙ,
830 2222 896 2262 93.
959 2222 1094 2261 Livius
1114 2233 1307 2270 nunquam
1329 2222 1408 2261 tale
1427 2222 1518 2270 quid
1536 2222 1709 2270 praebet.

301 2290 403 2329 Aliis
434 2291 530 2330 locis
562 2292 644 2330 vult
675 2292 845 2340 scriptor
875 2292 931 2330 eis
958 2291 1090 2339 rebus,
1119 2302 1217 2340 quae
1239 2295 1357 2331 antea
1373 2290 1567 2330 infinitiva
1587 2290 1712 2331 forma

183 2363 368 2399 narratae
399 2364 504 2410 sunt,
535 2373 694 2401 causam
726 2362 887 2411 adiungi
919 2363 1040 2401 verbo
1071 2362 1201 2401 finito:

184 2428 274 2468 Ter.
314 2430 471 2470 Phorm.
519 2434 614 2472 117.
676 2432 769 2472 Sall
813 2432 898 2473 Cat.
943 2434 1011 2481 6,4
1052 2430 1165 2486 (113111
1202 2432 1399 2481 aberant).
1445 2432 1554 2478 232.
1574 2424 1668 2482 ‘48
1678 2436 1712 2471 1.

246 2502 353 2546 544.
389 2504 502 2550 56‚4.
564 2504 656 2553 Jug.
692 2504 761 2550 30,
793 2506 847 2543 in.

185 2569 269 2611 Liv.
299 2571 349 2621 X,
381 2573 479 2623 42,1
514 2570 673 2626 (enim).
734 2573 843 2622 XXI,
874 2574 956 2621 4,.4
992 2574 1094 2624 50,3
1125 2569 1271 2626 (nam).
1333 2570 1473 2612 XLIV
1506 2572 1588 2618 4,7.

185 2639 298 2679 Tacit
324 2642 413 2681 hist.
446 2643 500 2692 ΙΙ,
533 2643 608 2684 78.
668 2644 738 2695 IV,
775 2647 840 2684 11.

303 2712 412 2753 Idem
443 2717 570 2755 autem
603 2715 775 2765 pertinet
805 2726 871 2755 eos
902 2715 951 2755 ad
984 2715 1102 2760 locOS,
1136 2713 1201 2752 ubi
1216 2709 1489 2761 imperfectum
1513 2712 1717 2761 praecedit

185 2780 398 2823 infinitivos
438 2785 672 2826 historicos:
714 2787 883 2835 primum
923 2786 1027 2824 enim
1070 2784 1230 2823 verbum
1259 2781 1412 2820 finitum
1443 2783 1719 2832 complectitur

1412 2852 1440 2891 4
