<?xml version="1.0" encoding="UTF-8"?>
<!DOCTYPE html PUBLIC "-//W3C//DTD XHTML 1.0 Transitional//EN"
    "http://www.w3.org/TR/xhtml1/DTD/xhtml1-transitional.dtd">
<html xmlns="http://www.w3.org/1999/xhtml" xml:lang="en" lang="en">
 <head>
  <title>
</title>
<meta http-equiv="Content-Type" content="text/html;charset=utf-8" />
  <meta name='ocr-system' content='tesseract 3.04.00' />
  <meta name='ocr-capabilities' content='ocr_page ocr_carea ocr_par ocr_line ocrx_word'/>
</head>
<body>
  <div class='ocr_page' id='page_1' title='image "4737177_0032.png"; bbox 0 0 1868 3121; ppageno 0'>
   <div class='ocr_carea' id='block_1_1' title="bbox 146 146 204 186">
    <p class='ocr_par' dir='ltr' id='par_1_1' title="bbox 146 146 204 186">
     <span class='ocr_line' id='line_1_1' title="bbox 146 146 204 186; baseline -0.017 0"><span class='ocrx_word' id='word_1_1' title='bbox 146 146 204 186; x_wconf 82' lang='lat'>24</span> 
     </span>
    </p>
   </div>
   <div class='ocr_carea' id='block_1_2' title="bbox 144 261 1683 736">
    <p class='ocr_par' dir='ltr' id='par_1_2' title="bbox 144 261 1683 736">
     <span class='ocr_line' id='line_1_2' title="bbox 147 261 1680 312; baseline -0.001 -10"><span class='ocrx_word' id='word_1_2' title='bbox 147 263 261 310; x_wconf 88' lang='lat' dir='ltr'>pulus</span> <span class='ocrx_word' id='word_1_3' title='bbox 291 262 569 311; x_wconf 76' lang='lat' dir='ltr'><strong>exspectabat,</strong></span> <span class='ocrx_word' id='word_1_4' title='bbox 599 269 687 302; x_wconf 79' lang='lat' dir='ltr'>cum·</span> <span class='ocrx_word' id='word_1_5' title='bbox 718 262 872 311; x_wconf 86' lang='lat' dir='ltr'>Appius</span> <span class='ocrx_word' id='word_1_6' title='bbox 903 262 1054 312; x_wconf 82' lang='lat' dir='ltr'>dicere3</span> <span class='ocrx_word' id='word_1_7' title='bbox 1101 261 1173 312; x_wconf 93' lang='lat'>111,</span> <span class='ocrx_word' id='word_1_8' title='bbox 1207 262 1303 310; x_wconf 66' lang='lat'>37,6</span> <span class='ocrx_word' id='word_1_9' title='bbox 1334 261 1376 301; x_wconf 90' lang='lat' dir='ltr'>id</span> <span class='ocrx_word' id='word_1_10' title='bbox 1406 261 1562 310; x_wconf 85' lang='lat' dir='ltr'>plebem</span> <span class='ocrx_word' id='word_1_11' title='bbox 1595 262 1680 310; x_wconf 86' lang='lat' dir='ltr'>agi-</span> 
     </span>
     <span class='ocr_line' id='line_1_3' title="bbox 144 329 1680 384; baseline -0.001 -12"><span class='ocrx_word' id='word_1_12' title='bbox 144 332 270 381; x_wconf 83' lang='lat' dir='ltr'>tabat,</span> <span class='ocrx_word' id='word_1_13' title='bbox 302 343 391 373; x_wconf 87' lang='lat' dir='ltr'>cum</span> <span class='ocrx_word' id='word_1_14' title='bbox 421 332 582 372; x_wconf 87' lang='lat' dir='ltr'>interim</span> <span class='ocrx_word' id='word_1_15' title='bbox 613 333 861 372; x_wconf 90' lang='lat' dir='ltr'>comitiorum</span> <span class='ocrx_word' id='word_1_16' title='bbox 894 332 1000 372; x_wconf 91' lang='lat' dir='ltr'>nulla</span> <span class='ocrx_word' id='word_1_17' title='bbox 1030 332 1178 372; x_wconf 89' lang='lat' dir='ltr'>mentio</span> <span class='ocrx_word' id='word_1_18' title='bbox 1203 330 1313 382; x_wconf 77' lang='lat' dir='ltr'>fieri3</span> <span class='ocrx_word' id='word_1_19' title='bbox 1341 329 1544 382; x_wconf 86' lang='lat' dir='ltr'>XXXVII,</span> <span class='ocrx_word' id='word_1_20' title='bbox 1566 332 1680 384; x_wconf 81' lang='lat'>42,6,</span> 
     </span>
     <span class='ocr_line' id='line_1_4' title="bbox 145 399 1680 455; baseline -0.001 -13"><span class='ocrx_word' id='word_1_21' title='bbox 145 414 259 452; x_wconf 91' lang='lat' dir='ltr'>quem</span> <span class='ocrx_word' id='word_1_22' title='bbox 289 404 419 442; x_wconf 91' lang='lat' dir='ltr'>locum</span> <span class='ocrx_word' id='word_1_23' title='bbox 439 402 682 442; x_wconf 78' lang='lat' dir='ltr'>Klihnastius</span> <span class='ocrx_word' id='word_1_24' title='bbox 711 404 752 442; x_wconf 89' lang='lat' dir='ltr'>iu</span> <span class='ocrx_word' id='word_1_25' title='bbox 781 406 883 452; x_wconf 87' lang='lat' dir='ltr'><strong>synt.</strong></span> <span class='ocrx_word' id='word_1_26' title='bbox 914 403 1047 443; x_wconf 89' lang='lat' dir='ltr'>livian.</span> <span class='ocrx_word' id='word_1_27' title='bbox 1080 400 1139 454; x_wconf 90' lang='lat' dir='ltr'>(p.</span> <span class='ocrx_word' id='word_1_28' title='bbox 1174 399 1280 455; x_wconf 79' lang='lat'>246)</span> <span class='ocrx_word' id='word_1_29' title='bbox 1312 405 1605 452; x_wconf 75' lang='lat' dir='ltr'><strong>commemorat,</strong></span> <span class='ocrx_word' id='word_1_30' title='bbox 1637 402 1680 442; x_wconf 81' lang='lat' dir='ltr'>in</span> 
     </span>
     <span class='ocr_line' id='line_1_5' title="bbox 144 467 1680 525; baseline 0 -13"><span class='ocrx_word' id='word_1_31' title='bbox 144 472 347 512; x_wconf 82' lang='lat' dir='ltr'><strong>codicibus</strong></span> <span class='ocrx_word' id='word_1_32' title='bbox 376 475 436 512; x_wconf 90' lang='lat' dir='ltr'>est</span> <span class='ocrx_word' id='word_1_33' title='bbox 469 467 699 525; x_wconf 46' lang='lat' dir='ltr'>,acceperess</span> <span class='ocrx_word' id='word_1_34' title='bbox 729 482 807 512; x_wconf 92' lang='lat' dir='ltr'>non</span> <span class='ocrx_word' id='word_1_35' title='bbox 838 472 1055 525; x_wconf 56' lang='lat' dir='ltr'>accipere,</span> <span class='ocrx_word' id='word_1_36' title='bbox 1088 483 1322 522; x_wconf 89' lang='lat' dir='ltr'>quamquam</span> <span class='ocrx_word' id='word_1_37' title='bbox 1352 472 1408 513; x_wconf 94' lang='lat' dir='ltr'>ibi</span> <span class='ocrx_word' id='word_1_38' title='bbox 1439 482 1680 523; x_wconf 30' lang='lat' dir='ltr'>quoquevap-</span> 
     </span>
     <span class='ocr_line' id='line_1_6' title="bbox 145 540 1682 595; baseline 0 -13"><span class='ocrx_word' id='word_1_39' title='bbox 145 548 229 583; x_wconf 89' lang='lat' dir='ltr'>tum</span> <span class='ocrx_word' id='word_1_40' title='bbox 260 553 354 584; x_wconf 71' lang='lat' dir='ltr'>estse¹</span> <span class='ocrx_word' id='word_1_41' title='bbox 376 541 612 584; x_wconf 87' lang='lat' dir='ltr'>infinitivum</span> <span class='ocrx_word' id='word_1_42' title='bbox 643 543 886 593; x_wconf 90' lang='lat' dir='ltr'>historicum,</span> <span class='ocrx_word' id='word_1_43' title='bbox 919 555 997 583; x_wconf 90' lang='lat' dir='ltr'>non</span> <span class='ocrx_word' id='word_1_44' title='bbox 1028 553 1218 592; x_wconf 80' lang='lat' dir='ltr'><strong>negamus</strong></span> <span class='ocrx_word' id='word_1_45' title='bbox 1249 540 1450 595; x_wconf 77' lang='lat' dir='ltr'>(Ceterum</span> <span class='ocrx_word' id='word_1_46' title='bbox 1480 543 1532 584; x_wconf 58' lang='grc' dir='ltr'>οἱ·</span> <span class='ocrx_word' id='word_1_47' title='bbox 1548 543 1682 593; x_wconf 83' lang='lat' dir='ltr'>Fabri,</span> 
     </span>
     <span class='ocr_line' id='line_1_7' title="bbox 145 610 1683 666; baseline 0 -12"><span class='ocrx_word' id='word_1_48' title='bbox 145 613 196 654; x_wconf 89' lang='lat' dir='ltr'>ad</span> <span class='ocrx_word' id='word_1_49' title='bbox 236 613 326 655; x_wconf 87' lang='lat' dir='ltr'>Liv.</span> <span class='ocrx_word' id='word_1_50' title='bbox 366 612 503 663; x_wconf 86' lang='lat' dir='ltr'>XXII,</span> <span class='ocrx_word' id='word_1_51' title='bbox 546 610 680 666; x_wconf 80' lang='grc'>47,6).</span> <span class='ocrx_word' id='word_1_52' title='bbox 742 613 868 654; x_wconf 89' lang='lat' dir='ltr'>Semel</span> <span class='ocrx_word' id='word_1_53' title='bbox 911 613 1054 653; x_wconf 89' lang='lat' dir='ltr'>deinde</span> <span class='ocrx_word' id='word_1_54' title='bbox 1095 624 1142 653; x_wconf 91' lang='lat' dir='ltr'>ea</span> <span class='ocrx_word' id='word_1_55' title='bbox 1172 614 1463 653; x_wconf 86' lang='lat' dir='ltr'>constructione</span> <span class='ocrx_word' id='word_1_56' title='bbox 1500 624 1593 654; x_wconf 86' lang='lat' dir='ltr'>usus</span> <span class='ocrx_word' id='word_1_57' title='bbox 1622 616 1683 654; x_wconf 85' lang='lat' dir='ltr'>est</span> 
     </span>
     <span class='ocr_line' id='line_1_8' title="bbox 145 684 1682 736; baseline 0.001 -13"><span class='ocrx_word' id='word_1_58' title='bbox 145 684 373 725; x_wconf 79' lang='lat' dir='ltr'>Sallustius:</span> <span class='ocrx_word' id='word_1_59' title='bbox 422 685 513 734; x_wconf 83' lang='lat' dir='ltr'>Jug.</span> <span class='ocrx_word' id='word_1_60' title='bbox 559 685 627 725; x_wconf 87' lang='grc'>98.</span> <span class='ocrx_word' id='word_1_61' title='bbox 688 686 855 734; x_wconf 62' lang='lat' dir='ltr'>‘iamque</span> <span class='ocrx_word' id='word_1_62' title='bbox 887 684 970 724; x_wconf 88' lang='lat' dir='ltr'>dies</span> <span class='ocrx_word' id='word_1_63' title='bbox 1001 688 1253 733; x_wconf 87' lang='lat' dir='ltr'>consumptus</span> <span class='ocrx_word' id='word_1_64' title='bbox 1279 688 1389 736; x_wconf 84' lang='lat' dir='ltr'>erat,</span> <span class='ocrx_word' id='word_1_65' title='bbox 1431 696 1520 725; x_wconf 87' lang='lat' dir='ltr'>cum</span> <span class='ocrx_word' id='word_1_66' title='bbox 1549 687 1682 724; x_wconf 85' lang='lat' dir='ltr'>tamen</span> 
     </span>
    </p>
   </div>
   <div class='ocr_carea' id='block_1_3' title="bbox 144 754 1765 804">
    <p class='ocr_par' dir='ltr' id='par_1_3' title="bbox 144 754 1765 804">
     <span class='ocr_line' id='line_1_9' title="bbox 144 754 1765 804; baseline 0 -12"><span class='ocrx_word' id='word_1_67' title='bbox 144 754 308 793; x_wconf 89' lang='lat' dir='ltr'>barbari</span> <span class='ocrx_word' id='word_1_68' title='bbox 344 755 445 794; x_wconf 91' lang='lat' dir='ltr'>nihil</span> <span class='ocrx_word' id='word_1_69' title='bbox 485 755 688 794; x_wconf 83' lang='lat' dir='ltr'>remittere</span> <span class='ocrx_word' id='word_1_70' title='bbox 729 758 847 804; x_wconf 89' lang='lat' dir='ltr'>atque</span> <span class='ocrx_word' id='word_1_71' title='bbox 892 756 1023 794; x_wconf 89' lang='lat' dir='ltr'>acrius</span> <span class='ocrx_word' id='word_1_72' title='bbox 1063 755 1238 795; x_wconf 89' lang='lat' dir='ltr'>instare&#39;.</span> <span class='ocrx_word' id='word_1_73' title='bbox 1314 755 1440 803; x_wconf 85' lang='lat' dir='ltr'>Saepe</span> <span class='ocrx_word' id='word_1_74' title='bbox 1480 758 1563 794; x_wconf 89' lang='lat' dir='ltr'>tum</span> <span class='ocrx_word' id='word_1_75' title='bbox 1606 755 1682 795; x_wconf 84' lang='lat' dir='ltr'>hoc</span> <span class='ocrx_word' id='word_1_76' title='bbox 1762 763 1765 766; x_wconf 91' lang='lat'>·</span> 
     </span>
    </p>
   </div>
   <div class='ocr_carea' id='block_1_4' title="bbox 136 824 1684 2854">
    <p class='ocr_par' dir='ltr' id='par_1_4' title="bbox 143 824 1683 1441">
     <span class='ocr_line' id='line_1_10' title="bbox 147 824 1683 878; baseline 0.001 -14"><span class='ocrx_word' id='word_1_77' title='bbox 147 824 324 864; x_wconf 89' lang='lat' dir='ltr'>videmus</span> <span class='ocrx_word' id='word_1_78' title='bbox 364 836 389 865; x_wconf 90' lang='lat' dir='ltr'>a</span> <span class='ocrx_word' id='word_1_79' title='bbox 430 824 571 865; x_wconf 86' lang='lat' dir='ltr'>Tacito</span> <span class='ocrx_word' id='word_1_80' title='bbox 610 825 852 878; x_wconf 88' lang='lat' dir='ltr'>adhibitum,</span> <span class='ocrx_word' id='word_1_81' title='bbox 888 836 1014 874; x_wconf 90' lang='lat' dir='ltr'>neque</span> <span class='ocrx_word' id='word_1_82' title='bbox 1059 826 1102 865; x_wconf 89' lang='lat' dir='ltr'>id</span> <span class='ocrx_word' id='word_1_83' title='bbox 1139 826 1197 865; x_wconf 78' lang='lat' dir='ltr'>ita</span> <span class='ocrx_word' id='word_1_84' title='bbox 1236 825 1376 871; x_wconf 90' lang='lat' dir='ltr'>modo,</span> <span class='ocrx_word' id='word_1_85' title='bbox 1422 829 1467 865; x_wconf 90' lang='lat' dir='ltr'>ut</span> <span class='ocrx_word' id='word_1_86' title='bbox 1494 837 1541 866; x_wconf 86' lang='lat' dir='ltr'>ex</span> <span class='ocrx_word' id='word_1_87' title='bbox 1570 825 1683 876; x_wconf 55' lang='lat' dir='ltr'>‘cum&#39;</span> 
     </span>
     <span class='ocr_line' id='line_1_11' title="bbox 145 894 1683 946; baseline 0.001 -13"><span class='ocrx_word' id='word_1_88' title='bbox 145 896 421 934; x_wconf 87' lang='lat' dir='ltr'>coniunctione</span> <span class='ocrx_word' id='word_1_89' title='bbox 452 894 671 934; x_wconf 87' lang='lat' dir='ltr'>infinitivus</span> <span class='ocrx_word' id='word_1_90' title='bbox 702 896 912 934; x_wconf 87' lang='lat' dir='ltr'>historicus</span> <span class='ocrx_word' id='word_1_91' title='bbox 943 896 1126 946; x_wconf 84' lang='lat' dir='ltr'>pendeat,</span> <span class='ocrx_word' id='word_1_92' title='bbox 1157 897 1226 935; x_wconf 87' lang='lat' dir='ltr'>sed</span> <span class='ocrx_word' id='word_1_93' title='bbox 1244 897 1363 935; x_wconf 86' lang='lat' dir='ltr'>etiam</span> <span class='ocrx_word' id='word_1_94' title='bbox 1381 907 1428 935; x_wconf 84' lang='lat' dir='ltr'>ex</span> <span class='ocrx_word' id='word_1_95' title='bbox 1449 897 1549 941; x_wconf 88' lang='lat' dir='ltr'>aliis,</span> <span class='ocrx_word' id='word_1_96' title='bbox 1583 907 1683 945; x_wconf 88' lang='lat' dir='ltr'>quae</span> 
     </span>
     <span class='ocr_line' id='line_1_12' title="bbox 145 964 1680 1017; baseline 0 -11"><span class='ocrx_word' id='word_1_97' title='bbox 145 969 253 1006; x_wconf 87' lang='lat' dir='ltr'>sunt:</span> <span class='ocrx_word' id='word_1_98' title='bbox 285 965 426 1016; x_wconf 89' lang='lat' dir='ltr'>donec,</span> <span class='ocrx_word' id='word_1_99' title='bbox 456 964 540 1015; x_wconf 88' lang='lat' dir='ltr'>ubi,</span> <span class='ocrx_word' id='word_1_100' title='bbox 570 969 625 1016; x_wconf 89' lang='lat' dir='ltr'>ut,</span> <span class='ocrx_word' id='word_1_101' title='bbox 655 969 875 1016; x_wconf 82' lang='lat' dir='ltr'><strong>postquam.</strong></span> <span class='ocrx_word' id='word_1_102' title='bbox 937 967 991 1006; x_wconf 87' lang='lat' dir='ltr'>Et</span> <span class='ocrx_word' id='word_1_103' title='bbox 1022 967 1249 1017; x_wconf 88' lang='lat' dir='ltr'>plerumque</span> <span class='ocrx_word' id='word_1_104' title='bbox 1281 966 1437 1017; x_wconf 88' lang='lat' dir='ltr'>quidem</span> <span class='ocrx_word' id='word_1_105' title='bbox 1457 978 1505 1007; x_wconf 91' lang='lat' dir='ltr'>ea</span> <span class='ocrx_word' id='word_1_106' title='bbox 1525 970 1680 1006; x_wconf 86' lang='lat' dir='ltr'>senten-</span> 
     </span>
     <span class='ocr_line' id='line_1_13' title="bbox 143 1035 1683 1087; baseline 0 -11"><span class='ocrx_word' id='word_1_107' title='bbox 143 1038 214 1087; x_wconf 77' lang='lat' dir='ltr'>tia,</span> <span class='ocrx_word' id='word_1_108' title='bbox 233 1038 342 1076; x_wconf 88' lang='lat' dir='ltr'>cuius</span> <span class='ocrx_word' id='word_1_109' title='bbox 355 1036 628 1086; x_wconf 88' lang='lat' dir='ltr'>praedicatum</span> <span class='ocrx_word' id='word_1_110' title='bbox 645 1035 816 1075; x_wconf 87' lang='lat' dir='ltr'>efficitur</span> <span class='ocrx_word' id='word_1_111' title='bbox 834 1035 1029 1076; x_wconf 86' lang='lat' dir='ltr'>infinitivo</span> <span class='ocrx_word' id='word_1_112' title='bbox 1050 1038 1253 1087; x_wconf 87' lang='lat' dir='ltr'>historico,</span> <span class='ocrx_word' id='word_1_113' title='bbox 1278 1038 1508 1086; x_wconf 86' lang='lat' dir='ltr'>primariam</span> <span class='ocrx_word' id='word_1_114' title='bbox 1528 1040 1683 1077; x_wconf 85' lang='lat' dir='ltr'>senten-</span> 
     </span>
     <span class='ocr_line' id='line_1_14' title="bbox 144 1098 1632 1161; baseline 0 -13"><span class='ocrx_word' id='word_1_115' title='bbox 144 1108 243 1149; x_wconf 87' lang='lat' dir='ltr'>tiam</span> <span class='ocrx_word' id='word_1_116' title='bbox 271 1098 449 1159; x_wconf 80' lang='lat' dir='ltr'>sequi&#39;tur</span> <span class='ocrx_word' id='word_1_117' title='bbox 480 1105 536 1159; x_wconf 89' lang='lat' dir='ltr'>(v.</span> <span class='ocrx_word' id='word_1_118' title='bbox 567 1107 760 1157; x_wconf 82' lang='lat' dir='ltr'>Draeger‚</span> <span class='ocrx_word' id='word_1_119' title='bbox 792 1112 933 1157; x_wconf 83' lang='lat' dir='ltr'>syntax</span> <span class='ocrx_word' id='word_1_120' title='bbox 963 1109 1042 1148; x_wconf 92' lang='lat' dir='ltr'>und</span> <span class='ocrx_word' id='word_1_121' title='bbox 1056 1101 1141 1148; x_wconf 75' lang='lat' dir='ltr'>&#39;stil</span> <span class='ocrx_word' id='word_1_122' title='bbox 1169 1109 1239 1149; x_wconf 91' lang='lat' dir='ltr'>des</span> <span class='ocrx_word' id='word_1_123' title='bbox 1270 1108 1432 1149; x_wconf 79' lang='lat' dir='ltr'>Tacitus</span> <span class='ocrx_word' id='word_1_124' title='bbox 1462 1121 1500 1158; x_wconf 89' lang='lat' dir='ltr'>p.</span> <span class='ocrx_word' id='word_1_125' title='bbox 1534 1104 1632 1161; x_wconf 76' lang='lat'>65):</span> 
     </span>
     <span class='ocr_line' id='line_1_15' title="bbox 144 1177 1681 1230; baseline 0.001 -12"><span class='ocrx_word' id='word_1_126' title='bbox 144 1189 253 1219; x_wconf 91' lang='lat' dir='ltr'>cum</span> <span class='ocrx_word' id='word_1_127' title='bbox 284 1189 378 1219; x_wconf 83' lang='lat' dir='ltr'>ann.</span> <span class='ocrx_word' id='word_1_128' title='bbox 408 1178 461 1230; x_wconf 87' lang='lat'>11,</span> <span class='ocrx_word' id='word_1_129' title='bbox 493 1179 560 1218; x_wconf 90' lang='lat'>31.</span> <span class='ocrx_word' id='word_1_130' title='bbox 594 1179 663 1218; x_wconf 83' lang='lat'>40.</span> <span class='ocrx_word' id='word_1_131' title='bbox 724 1178 792 1224; x_wconf 90' lang='lat' dir='ltr'>IV,</span> <span class='ocrx_word' id='word_1_132' title='bbox 826 1179 896 1220; x_wconf 87' lang='lat'>50.</span> <span class='ocrx_word' id='word_1_133' title='bbox 958 1178 1027 1228; x_wconf 89' lang='lat' dir='ltr'>VI,</span> <span class='ocrx_word' id='word_1_134' title='bbox 1046 1179 1117 1219; x_wconf 88' lang='lat'>44.</span> <span class='ocrx_word' id='word_1_135' title='bbox 1177 1177 1284 1228; x_wconf 88' lang='lat' dir='ltr'>XIV,</span> <span class='ocrx_word' id='word_1_136' title='bbox 1304 1180 1346 1220; x_wconf 87' lang='lat'>5.</span> <span class='ocrx_word' id='word_1_137' title='bbox 1406 1179 1498 1218; x_wconf 83' lang='lat' dir='ltr'>hist.</span> <span class='ocrx_word' id='word_1_138' title='bbox 1520 1179 1593 1230; x_wconf 85' lang='grc' dir='ltr'>ΙΙΙ,</span> <span class='ocrx_word' id='word_1_139' title='bbox 1613 1180 1681 1221; x_wconf 90' lang='grc'>31.</span> 
     </span>
     <span class='ocr_line' id='line_1_16' title="bbox 203 1247 1683 1298; baseline 0 -10"><span class='ocrx_word' id='word_1_140' title='bbox 203 1247 255 1289; x_wconf 85' lang='lat' dir='ltr'>cf.</span> <span class='ocrx_word' id='word_1_141' title='bbox 275 1249 462 1289; x_wconf 85' lang='lat' dir='ltr'>Lactant.</span> <span class='ocrx_word' id='word_1_142' title='bbox 494 1247 544 1287; x_wconf 92' lang='lat' dir='ltr'>de</span> <span class='ocrx_word' id='word_1_143' title='bbox 575 1248 735 1288; x_wconf 87' lang='lat' dir='ltr'><strong>mortib.</strong></span> <span class='ocrx_word' id='word_1_144' title='bbox 765 1258 915 1296; x_wconf 85' lang='lat' dir='ltr'>perseo.</span> <span class='ocrx_word' id='word_1_145' title='bbox 952 1249 1046 1297; x_wconf 87' lang='grc'><strong>17,6</strong></span> <span class='ocrx_word' id='word_1_146' title='bbox 1079 1250 1158 1288; x_wconf 92' lang='lat' dir='ltr'>iam</span> <span class='ocrx_word' id='word_1_147' title='bbox 1178 1249 1375 1297; x_wconf 87' lang='lat' dir='ltr'>dicebant,</span> <span class='ocrx_word' id='word_1_148' title='bbox 1408 1260 1496 1289; x_wconf 87' lang='lat' dir='ltr'>cum</span> <span class='ocrx_word' id='word_1_149' title='bbox 1521 1252 1683 1298; x_wconf 88' lang='lat' dir='ltr'>repente</span> 
     </span>
     <span class='ocr_line' id='line_1_17' title="bbox 201 1316 1292 1371; baseline 0.001 -13"><span class='ocrx_word' id='word_1_150' title='bbox 201 1317 309 1359; x_wconf 89' lang='lat' dir='ltr'>fama</span> <span class='ocrx_word' id='word_1_151' title='bbox 340 1320 565 1368; x_wconf 81' lang='lat' dir='ltr'>pervagari.</span> <span class='ocrx_word' id='word_1_152' title='bbox 626 1318 729 1370; x_wconf 88' lang='lat' dir='ltr'>(Sid.</span> <span class='ocrx_word' id='word_1_153' title='bbox 760 1319 892 1367; x_wconf 84' lang='lat' dir='ltr'><strong>Apoll.</strong></span> <span class='ocrx_word' id='word_1_154' title='bbox 924 1329 986 1367; x_wconf 91' lang='lat' dir='ltr'>ep.</span> <span class='ocrx_word' id='word_1_155' title='bbox 1018 1319 1052 1367; x_wconf 88' lang='grc' dir='ltr'>Ι,</span> <span class='ocrx_word' id='word_1_156' title='bbox 1089 1320 1141 1359; x_wconf 87' lang='grc'>16</span> <span class='ocrx_word' id='word_1_157' title='bbox 1172 1316 1292 1371; x_wconf 85' lang='lat' dir='ltr'>extr.)</span> 
     </span>
     <span class='ocr_line' id='line_1_18' title="bbox 143 1387 679 1441; baseline -0.004 -12"><span class='ocrx_word' id='word_1_158' title='bbox 143 1389 313 1429; x_wconf 89' lang='lat' dir='ltr'>donec</span> <span class='ocrx_word' id='word_1_159' title='bbox 343 1400 435 1429; x_wconf 88' lang='lat' dir='ltr'>ann.</span> <span class='ocrx_word' id='word_1_160' title='bbox 470 1387 577 1441; x_wconf 85' lang='lat' dir='ltr'>XIII,</span> <span class='ocrx_word' id='word_1_161' title='bbox 610 1389 679 1428; x_wconf 81' lang='lat'>57.</span> 
     </span>
    </p>

    <p class='ocr_par' dir='ltr' id='par_1_5' title="bbox 140 1458 1684 1722">
     <span class='ocr_line' id='line_1_19' title="bbox 260 1458 1684 1509; baseline -0.001 -11"><span class='ocrx_word' id='word_1_162' title='bbox 260 1459 470 1499; x_wconf 86' lang='lat' dir='ltr'>Praecedit</span> <span class='ocrx_word' id='word_1_163' title='bbox 509 1463 640 1498; x_wconf 89' lang='lat' dir='ltr'>autem</span> <span class='ocrx_word' id='word_1_164' title='bbox 678 1459 735 1498; x_wconf 88' lang='lat' dir='ltr'>ita</span> <span class='ocrx_word' id='word_1_165' title='bbox 780 1461 933 1498; x_wconf 85' lang='lat' dir='ltr'>tantum</span> <span class='ocrx_word' id='word_1_166' title='bbox 946 1487 959 1509; x_wconf 95' lang='lat'>,</span> <span class='ocrx_word' id='word_1_167' title='bbox 1002 1462 1046 1497; x_wconf 88' lang='lat' dir='ltr'>ut</span> <span class='ocrx_word' id='word_1_168' title='bbox 1076 1459 1237 1498; x_wconf 89' lang='lat' dir='ltr'>verbum</span> <span class='ocrx_word' id='word_1_169' title='bbox 1273 1458 1427 1498; x_wconf 90' lang='lat' dir='ltr'>finitum</span> <span class='ocrx_word' id='word_1_170' title='bbox 1458 1458 1596 1498; x_wconf 88' lang='lat' dir='ltr'>eadem</span> <span class='ocrx_word' id='word_1_171' title='bbox 1636 1469 1684 1497; x_wconf 88' lang='lat' dir='ltr'>ex</span> 
     </span>
     <span class='ocr_line' id='line_1_20' title="bbox 140 1525 1678 1582; baseline -0.002 -13"><span class='ocrx_word' id='word_1_172' title='bbox 140 1530 339 1579; x_wconf 89' lang='lat' dir='ltr'>particula</span> <span class='ocrx_word' id='word_1_173' title='bbox 369 1528 545 1578; x_wconf 85' lang='lat' dir='ltr'>pendens</span> <span class='ocrx_word' id='word_1_174' title='bbox 576 1531 777 1578; x_wconf 81' lang='lat' dir='ltr'>sequatur:</span> <span class='ocrx_word' id='word_1_175' title='bbox 811 1528 897 1568; x_wconf 89' lang='lat' dir='ltr'>ubi</span> <span class='ocrx_word' id='word_1_176' title='bbox 929 1540 1020 1570; x_wconf 88' lang='lat' dir='ltr'>ann.</span> <span class='ocrx_word' id='word_1_177' title='bbox 1050 1527 1104 1579; x_wconf 85' lang='grc' dir='ltr'>Π,</span> <span class='ocrx_word' id='word_1_178' title='bbox 1134 1530 1175 1569; x_wconf 84' lang='grc'>4.</span> <span class='ocrx_word' id='word_1_179' title='bbox 1242 1527 1331 1578; x_wconf 89' lang='lat' dir='ltr'>XII,</span> <span class='ocrx_word' id='word_1_180' title='bbox 1363 1529 1416 1569; x_wconf 89' lang='lat'>51</span> <span class='ocrx_word' id='word_1_181' title='bbox 1471 1525 1678 1582; x_wconf 85' lang='lat' dir='ltr'>(Heinsius</span> 
     </span>
     <span class='ocr_line' id='line_1_21' title="bbox 142 1596 965 1652; baseline 0.001 -12"><span class='ocrx_word' id='word_1_182' title='bbox 142 1601 264 1641; x_wconf 88' lang='lat' dir='ltr'>scribi</span> <span class='ocrx_word' id='word_1_183' title='bbox 294 1601 396 1641; x_wconf 85' lang='lat' dir='ltr'>vult:</span> <span class='ocrx_word' id='word_1_184' title='bbox 427 1596 635 1652; x_wconf 87' lang='lat' dir='ltr'>quatitur).</span> <span class='ocrx_word' id='word_1_185' title='bbox 667 1599 758 1640; x_wconf 90' lang='lat' dir='ltr'>hist.</span> <span class='ocrx_word' id='word_1_186' title='bbox 789 1598 861 1647; x_wconf 91' lang='lat'>111,</span> <span class='ocrx_word' id='word_1_187' title='bbox 899 1602 965 1641; x_wconf 88' lang='grc'>10.</span> 
     </span>
     <span class='ocr_line' id='line_1_22' title="bbox 143 1669 1192 1722; baseline 0 -11"><span class='ocrx_word' id='word_1_188' title='bbox 143 1674 421 1722; x_wconf 89' lang='lat' dir='ltr'>postquam</span> <span class='ocrx_word' id='word_1_189' title='bbox 452 1681 545 1711; x_wconf 84' lang='lat' dir='ltr'>ann.</span> <span class='ocrx_word' id='word_1_190' title='bbox 576 1669 650 1720; x_wconf 92' lang='lat' dir='ltr'>III,</span> <span class='ocrx_word' id='word_1_191' title='bbox 681 1670 750 1710; x_wconf 82' lang='lat'>26.</span> <span class='ocrx_word' id='word_1_192' title='bbox 811 1673 861 1710; x_wconf 91' lang='lat' dir='ltr'>ut</span> <span class='ocrx_word' id='word_1_193' title='bbox 891 1669 985 1711; x_wconf 84' lang='lat' dir='ltr'>hist.</span> <span class='ocrx_word' id='word_1_194' title='bbox 1016 1669 1089 1718; x_wconf 93' lang='lat'>111,</span> <span class='ocrx_word' id='word_1_195' title='bbox 1124 1670 1192 1711; x_wconf 82' lang='lat'>31.</span> 
     </span>
    </p>

    <p class='ocr_par' dir='ltr' id='par_1_6' title="bbox 144 1728 1680 1864">
     <span class='ocr_line' id='line_1_23' title="bbox 261 1728 1680 1788; baseline -0.002 -7"><span class='ocrx_word' id='word_1_196' title='bbox 261 1737 415 1781; x_wconf 85' lang='lat' dir='ltr'>Eadem</span> <span class='ocrx_word' id='word_1_197' title='bbox 459 1728 700 1781; x_wconf 85' lang='lat' dir='ltr'>constructio</span> <span class='ocrx_word' id='word_1_198' title='bbox 732 1751 826 1779; x_wconf 90' lang='lat' dir='ltr'>num</span> <span class='ocrx_word' id='word_1_199' title='bbox 856 1741 1071 1781; x_wconf 89' lang='lat' dir='ltr'>tribuenda</span> <span class='ocrx_word' id='word_1_200' title='bbox 1101 1742 1154 1781; x_wconf 89' lang='lat' dir='ltr'>sit</span> <span class='ocrx_word' id='word_1_201' title='bbox 1183 1738 1320 1780; x_wconf 81' lang='lat' dir='ltr'>Curtio</span> <span class='ocrx_word' id='word_1_202' title='bbox 1351 1738 1475 1788; x_wconf 87' lang='lat' dir='ltr'>Rufo,</span> <span class='ocrx_word' id='word_1_203' title='bbox 1519 1738 1680 1779; x_wconf 82' lang='lat' dir='ltr'>dubium</span> 
     </span>
     <span class='ocr_line' id='line_1_24' title="bbox 144 1806 773 1864; baseline -0.005 -11"><span class='ocrx_word' id='word_1_204' title='bbox 144 1815 206 1853; x_wconf 90' lang='lat' dir='ltr'>est</span> <span class='ocrx_word' id='word_1_205' title='bbox 238 1809 296 1864; x_wconf 90' lang='lat' dir='ltr'>(v.</span> <span class='ocrx_word' id='word_1_206' title='bbox 329 1822 416 1859; x_wconf 86' lang='lat' dir='ltr'>cap.</span> <span class='ocrx_word' id='word_1_207' title='bbox 444 1810 501 1852; x_wconf 93' lang='lat' dir='ltr'>IV</span> <span class='ocrx_word' id='word_1_208' title='bbox 533 1810 606 1850; x_wconf 90' lang='lat' dir='ltr'>sub</span> <span class='ocrx_word' id='word_1_209' title='bbox 637 1806 773 1863; x_wconf 88' lang='lat' dir='ltr'>nom.).</span> 
     </span>
    </p>

    <p class='ocr_par' dir='ltr' id='par_1_7' title="bbox 136 1879 1683 2854">
     <span class='ocr_line' id='line_1_25' title="bbox 260 1879 1680 1929; baseline -0.004 -8"><span class='ocrx_word' id='word_1_210' title='bbox 260 1881 464 1921; x_wconf 88' lang='lat' dir='ltr'>Interdum</span> <span class='ocrx_word' id='word_1_211' title='bbox 506 1881 549 1919; x_wconf 93' lang='lat' dir='ltr'>in</span> <span class='ocrx_word' id='word_1_212' title='bbox 591 1881 806 1920; x_wconf 88' lang='lat' dir='ltr'>enuntiatis</span> <span class='ocrx_word' id='word_1_213' title='bbox 835 1891 989 1929; x_wconf 90' lang='lat' dir='ltr'>quoque</span> <span class='ocrx_word' id='word_1_214' title='bbox 1019 1881 1194 1920; x_wconf 89' lang='lat' dir='ltr'>relativis</span> <span class='ocrx_word' id='word_1_215' title='bbox 1224 1879 1439 1920; x_wconf 88' lang='lat' dir='ltr'>infinitivos</span> <span class='ocrx_word' id='word_1_216' title='bbox 1470 1879 1680 1920; x_wconf 90' lang='lat' dir='ltr'>historicos</span> 
     </span>
     <span class='ocr_line' id='line_1_26' title="bbox 141 1949 1681 2002; baseline -0.003 -10"><span class='ocrx_word' id='word_1_217' title='bbox 141 1952 384 2002; x_wconf 80' lang='lat' dir='ltr'>invenimus3</span> <span class='ocrx_word' id='word_1_218' title='bbox 413 1950 480 1991; x_wconf 84' lang='lat' dir='ltr'>ubi</span> <span class='ocrx_word' id='word_1_219' title='bbox 512 1951 741 2000; x_wconf 90' lang='lat' dir='ltr'>plerumque</span> <span class='ocrx_word' id='word_1_220' title='bbox 772 1961 989 1999; x_wconf 90' lang='lat' dir='ltr'>pronomen</span> <span class='ocrx_word' id='word_1_221' title='bbox 1020 1962 1100 1991; x_wconf 91' lang='lat' dir='ltr'>non</span> <span class='ocrx_word' id='word_1_222' title='bbox 1131 1952 1344 2000; x_wconf 83' lang='lat' dir='ltr'>genuinum</span> <span class='ocrx_word' id='word_1_223' title='bbox 1372 1954 1433 1991; x_wconf 89' lang='lat' dir='ltr'>est</span> <span class='ocrx_word' id='word_1_224' title='bbox 1462 1949 1681 1997; x_wconf 89' lang='lat' dir='ltr'>relativum,</span> 
     </span>
     <span class='ocr_line' id='line_1_27' title="bbox 143 2022 1680 2072; baseline -0.001 -8"><span class='ocrx_word' id='word_1_225' title='bbox 143 2023 212 2064; x_wconf 89' lang='lat' dir='ltr'>sed</span> <span class='ocrx_word' id='word_1_226' title='bbox 258 2022 501 2072; x_wconf 89' lang='lat' dir='ltr'>suppositum</span> <span class='ocrx_word' id='word_1_227' title='bbox 544 2032 615 2070; x_wconf 87' lang='lat' dir='ltr'>pro</span> <span class='ocrx_word' id='word_1_228' title='bbox 656 2022 888 2069; x_wconf 88' lang='lat' dir='ltr'>pronomine</span> <span class='ocrx_word' id='word_1_229' title='bbox 926 2022 1260 2062; x_wconf 88' lang='lat' dir='ltr'>demonstrativo:</span> <span class='ocrx_word' id='word_1_230' title='bbox 1301 2024 1335 2061; x_wconf 92' lang='lat' dir='ltr'>is</span> <span class='ocrx_word' id='word_1_231' title='bbox 1365 2025 1517 2071; x_wconf 89' lang='lat' dir='ltr'>autem,</span> <span class='ocrx_word' id='word_1_232' title='bbox 1562 2025 1602 2061; x_wconf 93' lang='lat' dir='ltr'>et</span> <span class='ocrx_word' id='word_1_233' title='bbox 1631 2022 1680 2063; x_wconf 73' lang='lat' dir='ltr'>is·</span> 
     </span>
     <span class='ocr_line' id='line_1_28' title="bbox 141 2091 1681 2139; baseline -0.001 -5"><span class='ocrx_word' id='word_1_234' title='bbox 141 2094 298 2135; x_wconf 89' lang='lat' dir='ltr'>Merum</span> <span class='ocrx_word' id='word_1_235' title='bbox 340 2095 549 2139; x_wconf 88' lang='lat' dir='ltr'>relativum</span> <span class='ocrx_word' id='word_1_236' title='bbox 592 2104 681 2133; x_wconf 91' lang='lat' dir='ltr'>cum</span> <span class='ocrx_word' id='word_1_237' title='bbox 720 2091 915 2134; x_wconf 87' lang='lat' dir='ltr'>infinitivo</span> <span class='ocrx_word' id='word_1_238' title='bbox 943 2093 1133 2134; x_wconf 89' lang='lat' dir='ltr'>historico</span> <span class='ocrx_word' id='word_1_239' title='bbox 1165 2094 1415 2135; x_wconf 90' lang='lat' dir='ltr'>coniunctum</span> <span class='ocrx_word' id='word_1_240' title='bbox 1446 2094 1531 2133; x_wconf 90' lang='lat' dir='ltr'>sine</span> <span class='ocrx_word' id='word_1_241' title='bbox 1560 2092 1681 2134; x_wconf 88' lang='lat' dir='ltr'>dubio</span> 
     </span>
     <span class='ocr_line' id='line_1_29' title="bbox 142 2164 1682 2214; baseline -0.001 -9"><span class='ocrx_word' id='word_1_242' title='bbox 142 2176 220 2205; x_wconf 89' lang='lat' dir='ltr'>uno</span> <span class='ocrx_word' id='word_1_243' title='bbox 251 2165 339 2204; x_wconf 93' lang='lat' dir='ltr'>loco</span> <span class='ocrx_word' id='word_1_244' title='bbox 370 2167 511 2213; x_wconf 86' lang='lat' dir='ltr'>exstat,</span> <span class='ocrx_word' id='word_1_245' title='bbox 542 2165 648 2213; x_wconf 90' lang='lat' dir='ltr'>apud</span> <span class='ocrx_word' id='word_1_246' title='bbox 663 2164 905 2214; x_wconf 66' lang='lat' dir='ltr'>Vergilium,</span> <span class='ocrx_word' id='word_1_247' title='bbox 932 2165 967 2204; x_wconf 89' lang='lat' dir='ltr'>is</span> <span class='ocrx_word' id='word_1_248' title='bbox 997 2165 1100 2204; x_wconf 90' lang='lat' dir='ltr'>enim</span> <span class='ocrx_word' id='word_1_249' title='bbox 1117 2165 1276 2214; x_wconf 87' lang='lat' dir='ltr'>scripsit</span> <span class='ocrx_word' id='word_1_250' title='bbox 1291 2166 1332 2204; x_wconf 89' lang='lat' dir='ltr'>in</span> <span class='ocrx_word' id='word_1_251' title='bbox 1353 2164 1454 2205; x_wconf 89' lang='lat' dir='ltr'>Aen.</span> <span class='ocrx_word' id='word_1_252' title='bbox 1475 2164 1547 2212; x_wconf 87' lang='lat' dir='ltr'>XI,</span> <span class='ocrx_word' id='word_1_253' title='bbox 1571 2165 1682 2211; x_wconf 75' lang='lat'>8202</span> 
     </span>
     <span class='ocr_line' id='line_1_30' title="bbox 138 2225 1683 2285; baseline -0.002 -8"><span class='ocrx_word' id='word_1_254' title='bbox 138 2237 287 2277; x_wconf 86' lang='lat' dir='ltr'>Accam</span> <span class='ocrx_word' id='word_1_255' title='bbox 332 2236 543 2285; x_wconf 91' lang='lat' dir='ltr'>alloquitur</span> <span class='ocrx_word' id='word_1_256' title='bbox 586 2225 706 2275; x_wconf 82' lang='lat' dir='ltr'>fidam</span> <span class='ocrx_word' id='word_1_257' title='bbox 737 2238 830 2275; x_wconf 89' lang='lat' dir='ltr'>ante</span> <span class='ocrx_word' id='word_1_258' title='bbox 862 2237 960 2277; x_wconf 84' lang='lat' dir='ltr'>alias</span> <span class='ocrx_word' id='word_1_259' title='bbox 974 2265 985 2285; x_wconf 91' lang='lat'>,</span> <span class='ocrx_word' id='word_1_260' title='bbox 1032 2246 1132 2285; x_wconf 88' lang='lat' dir='ltr'>quae</span> <span class='ocrx_word' id='word_1_261' title='bbox 1161 2237 1244 2276; x_wconf 87' lang='lat' dir='ltr'>sola</span> <span class='ocrx_word' id='word_1_262' title='bbox 1273 2235 1487 2284; x_wconf 79' lang='lat' dir='ltr'>Camillae,</span> <span class='ocrx_word' id='word_1_263' title='bbox 1527 2236 1683 2285; x_wconf 89' lang='lat' dir='ltr'>quicum</span> 
     </span>
     <span class='ocr_line' id='line_1_31' title="bbox 138 2304 1683 2357; baseline -0.001 -11"><span class='ocrx_word' id='word_1_264' title='bbox 138 2307 282 2357; x_wconf 90' lang='lat' dir='ltr'>partiri</span> <span class='ocrx_word' id='word_1_265' title='bbox 311 2314 446 2354; x_wconf 81' lang='lat' dir='ltr'>curas;</span> <span class='ocrx_word' id='word_1_266' title='bbox 477 2306 582 2344; x_wconf 89' lang='lat' dir='ltr'>idem</span> <span class='ocrx_word' id='word_1_267' title='bbox 612 2304 778 2345; x_wconf 85' lang='lat' dir='ltr'>fortasse</span> <span class='ocrx_word' id='word_1_268' title='bbox 809 2307 982 2354; x_wconf 87' lang='lat' dir='ltr'>pertinet</span> <span class='ocrx_word' id='word_1_269' title='bbox 1012 2306 1064 2345; x_wconf 91' lang='lat' dir='ltr'>ad</span> <span class='ocrx_word' id='word_1_270' title='bbox 1083 2306 1176 2345; x_wconf 89' lang='lat' dir='ltr'>Sall.</span> <span class='ocrx_word' id='word_1_271' title='bbox 1199 2307 1292 2356; x_wconf 84' lang='lat' dir='ltr'><strong>Jug.</strong></span> <span class='ocrx_word' id='word_1_272' title='bbox 1307 2306 1377 2347; x_wconf 77' lang='lat'>,70</span> <span class='ocrx_word' id='word_1_273' title='bbox 1395 2309 1515 2347; x_wconf 86' lang='lat' dir='ltr'>extr.:</span> <span class='ocrx_word' id='word_1_274' title='bbox 1546 2306 1683 2344; x_wconf 90' lang='lat' dir='ltr'>literas</span> 
     </span>
     <span class='ocr_line' id='line_1_32' title="bbox 139 2375 1680 2429; baseline -0.003 -11"><span class='ocrx_word' id='word_1_275' title='bbox 139 2377 192 2418; x_wconf 90' lang='lat' dir='ltr'>ad</span> <span class='ocrx_word' id='word_1_276' title='bbox 223 2388 312 2416; x_wconf 89' lang='lat' dir='ltr'>eum</span> <span class='ocrx_word' id='word_1_277' title='bbox 344 2377 464 2424; x_wconf 85' lang='lat' dir='ltr'>misit,</span> <span class='ocrx_word' id='word_1_278' title='bbox 495 2377 537 2415; x_wconf 91' lang='lat' dir='ltr'>in</span> <span class='ocrx_word' id='word_1_279' title='bbox 569 2376 708 2426; x_wconf 89' lang='lat' dir='ltr'>quibus</span> <span class='ocrx_word' id='word_1_280' title='bbox 741 2388 939 2427; x_wconf 71' lang='lat' dir='ltr'>accusare,</span> <span class='ocrx_word' id='word_1_281' title='bbox 971 2378 1133 2428; x_wconf 87' lang='lat' dir='ltr'>testari,</span> <span class='ocrx_word' id='word_1_282' title='bbox 1164 2388 1343 2429; x_wconf 83' lang='lat' dir='ltr'>monere;</span> <span class='ocrx_word' id='word_1_283' title='bbox 1373 2375 1442 2416; x_wconf 90' lang='lat' dir='ltr'>ubi</span> <span class='ocrx_word' id='word_1_284' title='bbox 1472 2377 1680 2416; x_wconf 90' lang='lat' dir='ltr'>relativum</span> 
     </span>
     <span class='ocr_line' id='line_1_33' title="bbox 139 2447 1681 2498; baseline -0.001 -10"><span class='ocrx_word' id='word_1_285' title='bbox 139 2459 237 2498; x_wconf 87' lang='lat' dir='ltr'>esse,</span> <span class='ocrx_word' id='word_1_286' title='bbox 272 2458 319 2486; x_wconf 85' lang='lat' dir='ltr'>ex</span> <span class='ocrx_word' id='word_1_287' title='bbox 351 2458 467 2486; x_wconf 90' lang='lat' dir='ltr'>sensu</span> <span class='ocrx_word' id='word_1_288' title='bbox 500 2451 679 2496; x_wconf 82' lang='lat' dir='ltr'>apparet.</span> <span class='ocrx_word' id='word_1_289' title='bbox 740 2447 899 2487; x_wconf 89' lang='lat' dir='ltr'>Addere</span> <span class='ocrx_word' id='word_1_290' title='bbox 919 2449 1050 2487; x_wconf 89' lang='lat' dir='ltr'>nescio</span> <span class='ocrx_word' id='word_1_291' title='bbox 1072 2459 1122 2488; x_wconf 88' lang='lat' dir='ltr'>an</span> <span class='ocrx_word' id='word_1_292' title='bbox 1144 2448 1263 2487; x_wconf 86' lang='lat' dir='ltr'>liceat</span> <span class='ocrx_word' id='word_1_293' title='bbox 1279 2448 1383 2487; x_wconf 90' lang='lat' dir='ltr'>hunc</span> <span class='ocrx_word' id='word_1_294' title='bbox 1401 2448 1530 2488; x_wconf 84' lang='lat' dir='ltr'>Taciti</span> <span class='ocrx_word' id='word_1_295' title='bbox 1551 2448 1681 2487; x_wconf 92' lang='lat' dir='ltr'>locum</span> 
     </span>
     <span class='ocr_line' id='line_1_34' title="bbox 139 2517 1682 2569; baseline -0.003 -9"><span class='ocrx_word' id='word_1_296' title='bbox 139 2531 187 2560; x_wconf 89' lang='lat' dir='ltr'>ex</span> <span class='ocrx_word' id='word_1_297' title='bbox 217 2519 309 2559; x_wconf 90' lang='lat' dir='ltr'>hist.</span> <span class='ocrx_word' id='word_1_298' title='bbox 342 2517 420 2564; x_wconf 91' lang='lat'>111,</span> <span class='ocrx_word' id='word_1_299' title='bbox 457 2518 538 2559; x_wconf 84' lang='lat'>63:</span> <span class='ocrx_word' id='word_1_300' title='bbox 568 2518 732 2568; x_wconf 87' lang='lat' dir='ltr'>literae,</span> <span class='ocrx_word' id='word_1_301' title='bbox 777 2518 916 2567; x_wconf 88' lang='lat' dir='ltr'>quibus</span> <span class='ocrx_word' id='word_1_302' title='bbox 945 2517 1068 2558; x_wconf 87' lang='lat' dir='ltr'>fidere</span> <span class='ocrx_word' id='word_1_303' title='bbox 1099 2519 1281 2558; x_wconf 88' lang='lat' dir='ltr'>Vitellius</span> <span class='ocrx_word' id='word_1_304' title='bbox 1312 2531 1359 2558; x_wconf 85' lang='lat' dir='ltr'>ac</span> <span class='ocrx_word' id='word_1_305' title='bbox 1390 2519 1506 2569; x_wconf 88' lang='lat' dir='ltr'>loqui.</span> <span class='ocrx_word' id='word_1_306' title='bbox 1568 2518 1682 2557; x_wconf 93' lang='lat' dir='ltr'>Alius</span> 
     </span>
     <span class='ocr_line' id='line_1_35' title="bbox 138 2588 1681 2640; baseline -0.001 -10"><span class='ocrx_word' id='word_1_307' title='bbox 138 2589 282 2631; x_wconf 90' lang='lat' dir='ltr'>deinde</span> <span class='ocrx_word' id='word_1_308' title='bbox 323 2592 383 2628; x_wconf 91' lang='lat' dir='ltr'>est</span> <span class='ocrx_word' id='word_1_309' title='bbox 414 2589 589 2628; x_wconf 90' lang='lat' dir='ltr'>eiusdem</span> <span class='ocrx_word' id='word_1_310' title='bbox 622 2588 732 2629; x_wconf 92' lang='lat' dir='ltr'>modi</span> <span class='ocrx_word' id='word_1_311' title='bbox 764 2589 869 2637; x_wconf 87' lang='lat' dir='ltr'>apud</span> <span class='ocrx_word' id='word_1_312' title='bbox 901 2589 1106 2640; x_wconf 86' lang='lat' dir='ltr'>Tacitum,</span> <span class='ocrx_word' id='word_1_313' title='bbox 1148 2590 1214 2639; x_wconf 90' lang='lat' dir='ltr'>qui</span> <span class='ocrx_word' id='word_1_314' title='bbox 1245 2594 1377 2630; x_wconf 88' lang='lat' dir='ltr'>tamen</span> <span class='ocrx_word' id='word_1_315' title='bbox 1408 2600 1487 2630; x_wconf 88' lang='lat' dir='ltr'>non</span> <span class='ocrx_word' id='word_1_316' title='bbox 1518 2600 1681 2638; x_wconf 90' lang='lat' dir='ltr'>prorsus</span> 
     </span>
     <span class='ocr_line' id='line_1_36' title="bbox 136 2659 1679 2720; baseline -0.001 -19"><span class='ocrx_word' id='word_1_317' title='bbox 136 2661 245 2701; x_wconf 90' lang='lat' dir='ltr'>omni</span> <span class='ocrx_word' id='word_1_318' title='bbox 275 2659 498 2707; x_wconf 91' lang='lat' dir='ltr'>suspicione</span> <span class='ocrx_word' id='word_1_319' title='bbox 529 2670 666 2699; x_wconf 89' lang='lat' dir='ltr'>carere</span> <span class='ocrx_word' id='word_1_320' title='bbox 698 2660 881 2720; x_wconf 78' lang='lat' dir='ltr'>videtur:</span> <span class='ocrx_word' id='word_1_321' title='bbox 921 2671 1012 2700; x_wconf 90' lang='lat' dir='ltr'>ann.</span> <span class='ocrx_word' id='word_1_322' title='bbox 1044 2660 1112 2709; x_wconf 91' lang='lat' dir='ltr'>IV,</span> <span class='ocrx_word' id='word_1_323' title='bbox 1147 2661 1199 2700; x_wconf 87' lang='grc'>19</span> <span class='ocrx_word' id='word_1_324' title='bbox 1232 2671 1402 2709; x_wconf 88' lang='lat' dir='ltr'>corpora</span> <span class='ocrx_word' id='word_1_325' title='bbox 1431 2662 1473 2700; x_wconf 92' lang='lat' dir='ltr'>in</span> <span class='ocrx_word' id='word_1_326' title='bbox 1504 2660 1679 2701; x_wconf 89' lang='lat' dir='ltr'>Tiberim</span> 
     </span>
     <span class='ocr_line' id='line_1_37' title="bbox 137 2728 1682 2784; baseline 0.001 -12"><span class='ocrx_word' id='word_1_327' title='bbox 137 2730 415 2781; x_wconf 87' lang='lat' dir='ltr'>trahebantur,</span> <span class='ocrx_word' id='word_1_328' title='bbox 445 2729 512 2771; x_wconf 92' lang='lat' dir='ltr'>ubi</span> <span class='ocrx_word' id='word_1_329' title='bbox 542 2728 742 2771; x_wconf 90' lang='lat' dir='ltr'>fluitantia</span> <span class='ocrx_word' id='word_1_330' title='bbox 773 2733 841 2772; x_wconf 91' lang='lat' dir='ltr'>aut</span> <span class='ocrx_word' id='word_1_331' title='bbox 871 2730 968 2781; x_wconf 91' lang='lat' dir='ltr'>ripis</span> <span class='ocrx_word' id='word_1_332' title='bbox 993 2731 1159 2781; x_wconf 88' lang='lat' dir='ltr'>appulsa</span> <span class='ocrx_word' id='word_1_333' title='bbox 1175 2742 1253 2772; x_wconf 92' lang='lat' dir='ltr'>non</span> <span class='ocrx_word' id='word_1_334' title='bbox 1273 2741 1449 2772; x_wconf 85' lang='lat' dir='ltr'>cremare</span> <span class='ocrx_word' id='word_1_335' title='bbox 1465 2732 1682 2784; x_wconf 85' lang='lat' dir='ltr'>quisquam,</span> 
     </span>
     <span class='ocr_line' id='line_1_38' title="bbox 136 2802 768 2854; baseline 0 -11"><span class='ocrx_word' id='word_1_336' title='bbox 136 2814 217 2843; x_wconf 90' lang='lat' dir='ltr'>non</span> <span class='ocrx_word' id='word_1_337' title='bbox 248 2803 480 2851; x_wconf 84' lang='lat' dir='ltr'>contingere</span> <span class='ocrx_word' id='word_1_338' title='bbox 511 2802 707 2854; x_wconf 81' lang='lat' dir='ltr'>(audebat</span> <span class='ocrx_word' id='word_1_339' title='bbox 720 2802 768 2851; x_wconf 69' lang='grc' dir='ltr'>ἲ).</span> 
     </span>
    </p>
   </div>
  </div>
 </body>
</html>
