1868 3121
179 138 237 183 28

302 248 462 297 Ennius
494 257 654 293 certum·
677 255 896 303 exemplum
927 265 1007 294 non
1024 255 1215 304 praebet;
1252 267 1342 296 nam
1361 258 1424 305 qui
1437 267 1573 296 versus
1586 258 1718 299 afferri

179 322 307 361 solent
339 325 458 372 (trag.
496 324 575 362 192
607 322 758 377 Ribb.),
789 323 893 373 apud
918 323 1145 364 Ciceronem
1177 321 1237 377 (in
1255 326 1371 368 Tusc.
1397 326 1497 376 disp.
1529 327 1717 388 1,28,69‚

184 392 287 431 unde
319 394 464 441 sumpti
494 390 606 446 sunt)
637 394 812 442 pendent
843 406 889 433 ex
921 394 1050 434 verbis
1081 406 1173 444 ‘non
1203 396 1466 438 intermittit’t

397 464 562 512 ‘caelum
591 464 798 513 nitescere,
831 464 996 505 arbores
1026 463 1288 515 frondescere,

393 535 492 573 vites
524 533 704 574 laetificis
737 536 933 583 pampinis
963 535 1189 584 pubescere,

395 605 496 643 rami
527 604 715 644 bacarum
747 604 927 645 ubertate
956 606 1231 653 incurviscere,

392 678 545 723 segetes
574 675 714 724 largiri
745 674 891 724 fruges,
926 671 1068 715 florere
1099 677 1243 722 omnia,

400 744 529 784 sontes
560 749 723 793 scatere,
757 745 889 785 herbis
918 749 1034 794 prata
1064 747 1332 787 convestirier,

306 814 415 853 Idem
447 815 620 864 quadrat
651 826 737 854 eum
769 816 811 854 in
840 825 993 855 versum
1026 814 1121 868 (inc.
1154 816 1233 855 fab.
1268 817 1379 865 reliq.
1411 816 1540 855 XLVI
1570 812 1719 867 Ribb.),

182 885 249 931 qui
281 885 386 933 apud
419 883 648 924 Ciceronem
681 883 750 936 (de
782 883 883 937 div.)
917 886 1062 934 pendet
1092 898 1142 924 ex
1169 886 1305 925 verbo:
1336 882 1579 935 ‘coepissent’

393 955 510 1003 ,inter
542 965 583 993 se
616 957 793 1003 strepere
823 958 1035 1003 aperteque
1064 960 1190 994 artem
1218 956 1399 994 obterere
1435 954 1689 1005 extispicum’.

299 1020 513 1066 Pacuvius
545 1025 628 1063 229
662 1024 782 1075 (trag.
814 1026 880 1064 lat.
913 1026 1025 1073 reliq.
1058 1026 1117 1065 ed.
1151 1021 1290 1077 Ribb.)

392 1095 551 1143 linguae
583 1094 755 1134 bisulcae
786 1096 891 1134 iactu
923 1097 1052 1144 crispo
1079 1092 1245 1145 fulgere.

187 1167 268 1204 334
303 1166 351 1205 R.
394 1169 525 1204 aestus
556 1166 680 1204 ociter
710 1169 836 1204 ratem

394 1235 647 1283 reciprocare
680 1234 885 1284 undaeque
917 1235 1149 1285 subiectare,
1180 1234 1367 1285 affligere.

301 1300 461 1347 caecil.
493 1300 605 1347 Stat.

401 1377 495 1416 193.
527 1380 734 1425 percutere
765 1377 871 1418 ictu:
903 1376 967 1416 hic
999 1376 1170 1426 gaudere
1202 1379 1241 1416 et
1272 1376 1463 1416 mirarier.

426 1448 493 1489 99.
523 1449 711 1497 resupina
741 1448 815 1487 sibi
847 1452 1006 1487 ventum
1038 1448 1182 1487 facere.

303 1513 483 1561 Terent.
543 1518 669 1558 Andr.
703 1519 770 1558 97.
809 1519 902 1558 146.
965 1513 1068 1557 Eun.
1103 1518 1198 1558 391.
1232 1518 1309 1556 401
1350 1516 1414 1560 (cf.
1435 1527 1520 1565 cap.
1540 1515 1715 1566 III§9,=·

184 1589 284 1627 410.
317 1589 416 1628 432.
450 1589 547 1628 515.
582 1589 665 1628 618
699 1598 784 1637 sqq.
850 1588 990 1628 Heaut.
1029 1589 1126 1627 125.
1188 1587 1347 1627 Phorm.
1379 1588 1446 1627 92.
1485 1587 1579 1626 117.
1620 1586 1715 1636 Hec,

189 1659 282 1697 120.
321 1660 416 1698 166.
453 1660 550 1698 182.
583 1660 681 1698 826.
744 1647 1211 1698 consuetudoinfi'nitivis
1232 1658 1429 1696 historicis
1453 1655 1715 1704 significatur:

185 1728 312 1768 Andr.
346 1730 413 1769 62.
475 1729 645 1778 Adelph.
677 1729 747 1769 45.
781 1730 880 1769 864.
913 1728 960 1768 cf.
994 1738 1079 1777 cap.
1111 1728 1150 1766 II
1181 1731 1278 1767 extr.

303 1794 522 1852 Turpilius
554 1800 637 1839 208
671 1799 718 1840 R.
754 1799 962 1839 nobilitate
993 1799 1117 1837 fretus
1148 1798 1396 1837 interdicere.

305 1864 515 1911 Afranius
546 1880 583 1909 v.
620 1870 700 1909 127
733 1870 781 1910 R.

395 1950 480 1990 ⁴ego
511 1940 656 1978 misera
686 1941 768 1979 risu
800 1940 1043 1979 clandestino
1076 1939 1264 1986 rumpier,

395 2016 555 2058 torpere
586 2013 724 2058 mater,
756 2020 890 2048 amens
921 2010 982 2048 ira
1014 2007 1191 2048 fervere’.

187 2082 270 2119 266
305 2081 353 2120 Β.
394 2081 558 2129 6ἰιιῐθιᾞει
588 2080 711 2119 verba
741 2081 890 2120 iactare
922 2083 961 2119 et
992 2079 1114 2119 labris

395 2151 500 2190 inter
530 2162 571 2190 se
603 2151 770 2196 velitari,
803 2149 1058 2191 velificarier'.

308 2217 469 2264 Novius
501 2221 553 2260 51
588 2221 634 2261 R.
669 2223 836 2271 populus
867 2222 1000 2264 labeas
1029 2221 1172 2270 pugnis
1202 2220 1378 2259 caedere.

306 2289 492 2335 Lucilius
525 2297 599 2333 sat.
632 2289 713 2344 (ed.
745 2288 935 2344 Mueller)
968 2291 1018 2339 V,
1051 2292 1118 2331 30.
1181 2290 1287 2340 VIII,
1308 2290 1333 2329 5
1368 2291 1418 2335 (v.
1439 2286 1552 2326 Mull.
1585 2285 1716 2325 adnot.

185 2364 236 2403 ad
270 2361 373 2413 XVI,
410 2360 495 2415 10).
532 2360 602 2412 XI,
636 2363 713 2410 1,7.
754 2360 863 2411 XVI,
895 2362 959 2401 10.
1006 2360 1150 2411 XXVI,
1183 2362 1251 2400 35.
1295 2357 1480 2403 XXVIII,
1512 2357 1548 2395 2.
1590 2352 1717 2402 XXX,

188 2435 254 2474 70.
289 2444 335 2472 ex
364 2435 439 2473 inc.
469 2433 598 2474 libris:
632 2431 700 2474 IV.
732 2431 847 2472 XXII
890 2431 1075 2472 CXXXV
1106 2430 1167 2485 (hi
1196 2432 1237 2471 in
1266 2435 1347 2479 opt.
1379 2427 1528 2479 codd),

308 2500 350 2545 L.
381 2498 540 2545 Accius
572 2504 626 2542 34
659 2503 708 2543 R.
739 2501 849 2542 flucti
879 2523 936 2530 —
969 2503 1097 2542 iacere
1150 2525 1167 2527 -·
1217 2501 1391 2541 allidere.

230 2576 284 2615 82
315 2574 364 2616 R.
397 2585 484 2613 cum
515 2580 628 2622 patre
660 2583 802 2622 parvos
832 2575 1004 2622 patrium
1036 2571 1212 2613 hostifice

397 2645 588 2693 sanguine
621 2654 795 2693 sanguen
825 2644 988 2683 miscere
1020 2655 1101 2683 suo.

187 2716 272 2755 438
305 2715 352 2755 R.
397 2725 539 2764 rapere
570 2715 716 2755 raudus
747 2725 905 2754 saxeum
936 2714 1099 2763 grande.

305 2781 427 2839 Gaio,
458 2787 558 2836 orig.
590 2785 658 2834 IV,
694 2787 718 2825 3
750 2782 829 2837 (ed.
865 2782 1048 2839 Jordan).
1088 2788 1190 2825 orat.
1221 2782 1306 2832 XL,
1337 2784 1365 2822 4
1396 2779 1531 2836 (Jord.
1563 2788 1601 2827 P·
1634 2774 1717 2820 58)·
