1868 3121
1616 112 1671 151 21

212 229 337 281 3253
376 231 467 280 aut,
508 230 625 277 atque
655 227 697 267 id
728 227 850 266 multo
882 228 1061 281 saepius,
1092 239 1178 267 cum
1209 228 1338 269 verbis
1368 238 1452 281 ‘pro
1482 227 1537 269 se'
1567 230 1674 269 coni-

207 302 349 341 uncto:
381 299 437 352 V,
469 299 549 347 7,9.
612 297 706 348 VII,
740 298 851 345 32,4.
912 297 974 350 Χ,
1008 297 1119 345 253.
1178 297 1316 352 XXII,
1355 300 1469 351 30,7.
1531 298 1674 351 xxm,

208 370 288 417 3,8.
328 368 492 421 XXVII,
521 368 663 416 45,10.
706 366 832 420 XXX,
863 370 1003 419 42,12.
1048 365 1194 417 XXXI,
1224 369 1305 417 635.
1344 369 1506 419 XXXV,
1531 371 1671 421 11,13.

206 438 434 490 XXXVIII,
465 440 549 492 2,7.
609 436 801 489 XXXIX,
833 439 942 487 31,9.
1002 438 1096 488 XL,
1127 439 1241 487 2615.
1304 436 1450 489 XLIII,
1484 440 1561 487 1,7.
1621 438 1670 480 cf.

207 510 316 554 Curt.
348 509 439 551 Ruf.
473 510 539 560 VI,
570 510 685 562 220.

266 580 326 619 De
369 583 509 619 neutro
547 583 680 619 autem
708 579 981 627 pronominum
1010 589 1153 628 genere
1184 576 1289 617 infra
1333 573 1382 630 (ξ
1415 578 1457 625 6)
1501 587 1674 627 agemus,

147 650 214 690 ubi
255 650 303 689 de
340 650 456 689 rebus
495 651 623 690 oratio
666 652 744 698 est;
791 650 827 688 ei
858 650 961 688 enim
993 650 1124 698 potius
1154 658 1268 697 quam
1302 647 1393 686 huic
1422 647 1672 696 paragrapho

146 720 396 764 tribuendum
429 720 542 760 nobis
571 719 789 760 videbatur.
823 740 879 747 —

870 866 897 922 ξ
931 873 970 909 6.

424 987 428 989 ἡ
503 976 578 1011 res
616 974 793 1024 quoque
829 959 1022 1011 subiecti
1058 961 1155 1010 loco
1193 959 1314 1024 poni.

265 1079 377 1128 Quod
423 1080 560 1120 eodem
605 1080 743 1130 modo,
786 1091 863 1130 quo
900 1080 1098 1118 hominum
1143 1080 1319 1128 nomina,
1363 1081 1494 1118 cetera
1524 1085 1675 1126 quoque

146 1150 332 1190 animalia
363 1148 547 1191 infinitivi
577 1150 759 1191 historici
788 1151 964 1191 subiecta
994 1161 1077 1190 esse
1108 1154 1290 1200 possunt,
1322 1150 1462 1189 mirum
1493 1158 1572 1188 non
1602 1149 1674 1196 est,

146 1232 233 1260 cum
266 1221 327 1270 iis,
358 1224 402 1259 ut
434 1222 514 1260 vita
546 1221 749 1271 praeditis,
778 1222 837 1261 vis
868 1222 1056 1271 vigorque
1080 1224 1187 1260 recte
1207 1221 1417 1260 tribuatur.
1478 1215 1674 1271 (exempla

144 1302 181 1330 v.
213 1291 330 1330 Plaut
373 1291 517 1341 Amph.
546 1292 681 1333 1110.
741 1292 864 1331 Mero.
897 1292 937 1331 II
958 1322 968 1341 ,
1004 1293 1113 1340 1,]8.
1174 1291 1307 1331 Lucil.
1332 1291 1393 1340 V,
1423 1291 1489 1328 30.
1551 1288 1674 1337 Verg.

144 1360 287 1409 Georg.
319 1360 351 1410 Ι,
384 1361 482 1400 383.
543 1360 644 1401 Aen.
676 1361 763 1410 Vll,
798 1361 863 1402 15.
928 1361 1035 1411 VIII,
1067 1361 1162 1401 215.
1225 1360 1394 1410 Gen.·11‚
1413 1360 1511 1409 29,ss
1543 1359 1594 1398 al.
1613 1356 1673 1408 1.).

262 1431 339 1471 Sed
381 1435 568 1481 quantum
610 1443 681 1471 nos
726 1431 882 1480 quidem
927 1442 973 1471 ex
1011 1432 1214 1472 literarum
1259 1432 1470 1471 latinarum
1501 1428 1674 1477 reliquiis

143 1502 371 1550 intellegere
416 1513 640 1551 possumus,
693 1502 771 1540 iam
810 1501 901 1540 inde
940 1502 990 1541 ab
1037 1502 1150 1541 initio
1188 1512 1251 1540 res
1293 1511 1443 1550 quoque
1473 1498 1676 1539 infinitivis

144 1570 345 1617 historicis
389 1571 553 1612 subiecti
593 1574 682 1613 loco
722 1576 986 1621 apponuntur.
1050 1572 1283 1622 Plerumque
1313 1576 1443 1612 autem
1472 1570 1596 1610 verba
1625 1569 1675 1609 iis

144 1643 325 1690 apposita
366 1648 431 1682 aut
476 1642 643 1687 formam
683 1644 879 1692 passivam
917 1647 986 1682 aut
1026 1644 1259 1683 sententiam
1297 1644 1492 1692 passivam
1523 1642 1585 1680 vel
1614 1641 1675 1680 in-

144 1714 394 1752 transitivam
426 1713 583 1762 habere,
617 1725 663 1753 ex
694 1715 853 1763 linguae
874 1715 1030 1753 ,latinae
1061 1715 1148 1763 lege
1179 1715 1325 1764 alioqui
1347 1725 1499 1764 quoque
1520 1713 1673 1752 valente

145 1784 381 1834 explicatur3
426 1784 593 1833 primum
636 1784 693 1823 ita
735 1784 987 1823 inveniuntur
1018 1785 1194 1833 corporis
1226 1789 1358 1833 partes
1389 1785 1542 1834 aliaque
1574 1793 1673 1833 quac

142 1853 194 1893 ad
225 1864 367 1904 corpus
397 1856 617 1904 pertinent:
648 1856 834 1895 lacrimae
864 1855 950 1896 Liv.
967 1854 1015 1904 V,
1033 1856 1112 1903 739.
1176 1859 1309 1896 uterus
1333 1856 1442 1906 quati
1463 1855 1556 1896 Tac.
1580 1866 1671 1895 ann.

140 1920 228 1973 XII,
264 1926 331 1965 51.
394 1937 464 1965 ora
495 1911 677 1974 praeberi
707 1926 797 1965 hist.
829 1925 899 1975 ΙΙΙ,
933 1926 1002 1969 31.
1065 1928 1224 1976 sanguis
1257 1928 1382 1977 gelari
1414 1927 1512 1967 Stat.
1547 1925 1674 1966 Theb·

139 1994 203 2044 ΙΙ,
244 1998 329 2036 544
368 1998 541 2047 aliaque;
585 1998 727 2052 deinde
768 2000 1033 2048 tempestates,
1064 1999 1277 2047 procellae,
1313 1999 1432 2049 venti,
1451 2021 1454 2023 v
1471 2010 1506 2040 v.
1541 1998 1667 2037 Plaut.

140 2064 249 2105 Trin.
284 2067 382 2106 836.
446 2069 564 2116 Verg.
597 2068 695 2109 Aen.
726 2069 798 2117 ΙΙΙ,
837 2071 930 2109 141.
993 2079 1113 2117 mare,
1146 2069 1267 2108 silvae
1299 2069 1520 2118 similiaque
1551 2068 1670 2116 Verg.

138 2135 236 2189 Aen.
279 2137 394 2187 VIII,
440 2139 536 2181 215.
609 2139 695 2181 Liv.
739 2138 855 2190 XXI,
900 2140 1012 2186 58,5.
1087 2139 1231 2179 Pacuv.
1278 2140 1377 2179 334.
1438 2139 1569 2178 Valer.
1608 2138 1668 2177 Fl.

139 2204 246 2257 VIII,
283 2208 364 2248 176
396 2210 445 2250 al.
480 2210 505 2251 1.

256 2279 344 2320 Huc
374 2282 591 2323 accedunt:
623 2287 864 2324 commeatus
894 2284 980 2325 Liv.
1014 2285 1060 2334 V,
1082 2285 1191 2332 7213.
1254 2287 1385 2323 castra
1406 2278 1531 2331 XXII,
1554 2281 1665 2328 44,5.

136 2358 254 2388 naves
286 2346 441 2403 (anS.)
474 2352 680 2397 be11.‚Afr·.
718 2355 795 2401 1,5.
857 2355 1033 2405 aliaque,
1066 2355 1132 2395 ubi
1162 2365 1317 2404 semper
1346 2352 1428 2392 fere
1459 2352 1664 2391 invenitur

136 2418 349 2460 infinitivus
380 2423 537 2469 generis
550 2456 552 2458 ,
567 2425 723 2471 passivi.

264 2490 414 2539 Quibus
446 2494 692 2534 annectenda
723 2499 813 2534 sunt
843 2499 984 2535 neutra
1018 2495 1290 2544 pronominum
1322 2491 1671 2546 (substantivorum

141 2558 229 2599 loco
260 2562 390 2609 posita
422 2567 513 2602 sunt
541 2565 697 2613 ‘omnia'
731 2565 850 2613 Verg.
884 2565 1027 2613 Georg.
1061 2565 1089 2612 1,
1123 2564 1208 2603 200
1240 2575 1345 2611 saep.
1377 2559 1541 2612 ‘cuncta’
1573 2563 1667 2604 Tac.

135 2639 224 2672 ann.
257 2631 289 2681 Ι,
322 2632 360 2673 3.
421 2632 512 2674 hist.
545 2634 575 2682 Ι,
610 2635 676 2675 36.
725 2631 847 2683 ‘nibil'
880 2635 973 2674 Sall.
1007 2635 1097 2682 Jug.
1130 2635 1198 2676 51.
1233 2630 1320 2686 76).
1383 2635 1518 2674 illud
1549 2635 1668 2674 semel

133 2698 352 2743 invenitur:
384 2703 514 2744 Plaut.
546 2703 670 2744 Mero.
702 2705 756 2753 11,
777 2707 887 2757 1,16.
949 2706 1150 2754 aliquanto
1181 2706 1337 2753 saepius
1367 2705 1441 2745 id:
1474 2705 1559 2745 Liv.
1595 2704 1667 2754 III,

136 2769 245 2818 38,1.
307 2772 394 2823 VII,
432 2776 537 2823 17,7.
601 2775 745 2816 Justin.
767 2775 913 2826 XVIII,
936 2776 1047 2826 3,11.
1109 2775 1260 2826 Vergil.
1284 2775 1382 2817 Aen.
1405 2776 1493 2824 VII,
1518 2777 1586 2817 78.
1608 2798 1666 2804 -
